"No.","Date","Genre","Bibl","URL","Hit"
"1","2020-01-01","internetbasiert","Variant Autotrailer Maxi Load Universal L420 204x420cm 3,0t. Koch Anhängerwerke, 2020-01-01","https://www.kochanhaengerwerke.de/fuer-fahrzeuge/autotrailer/variant-autotrailer-maxi-load-universal-l420-204x420cm-3-0t","Weiterführende Links zu ""Variant Autotrailer Maxi Load Universal L420204x420cm 3,0t"""
"2","2020-06-30","internetbasiert","Kiefernschwamm - Poria cocos - Pilzzucht - ethnobotanika gmbh. Ethnobotanika Gmbh, 2020-06-30","https://www.ethnobotanika.ch/online-shop/botanik/pilz/pilze/kiefernschwamm-poria-cocos-pilzzucht/","Botanischer Name Synonym Name Pilzzucht variante"
"3","2019-12-24","internetbasiert","Kurzhaarfrisuren 2019 Damen Farbe – Die schönsten Trendfrisuren. Die schönsten Trendfrisuren, 2019-12-24","https://annaschueler.com/kurzhaarfrisuren-2019-damen-farbe/","Wir erleben viele klassiker wie den bob pixie cut oder den prinz eisenherz schnitt in ganz neuen varianten."
"4","2020-07-01","internetbasiert","Blogheim.at | Blogothek - Aktuelle Blogbeiträge. Blogheim.at, 2020-07-01","https://www.blogheim.at/blogothek?seite=9&suche=Musik","mayonnaise verbindet man klassisch mit viel fett, viel ei und grade im sommer eher mit „too much“. doch meine vegane variante ist viel leichter, kommt natürlich vollständig ohne ei aus…The postLeichte vegane Sommer Mayonnaiseappear... GrundrezepteVegan Eats"
"5","2020-11-27","internetbasiert","Rechnung manuell erstellen. openolitor.org, 2020-11-27","https://openolitor.org/rechnung-manuell-erstellen/","VARIANTE MAIL: Es kann ein Zahlungsimport erfolgen oder die Rechnung kann manuell auf „Bezahlt“ gesetzt werden"
"6","2020-02-28","internetbasiert","meine-wiking-welt - Golf IV Variant. meine-wiking-welt.eu, 2020-02-28","https://www.meine-wiking-welt.eu/pkw/volkswagen/golf-iv-variant/","VW Golf IV Variant"
"7","2020-04-23","internetbasiert","Dienstleistungen von Architektur-, Konstruktions- und Ingenieurbüros und Prüfstellen Frankreich, Privas: Auftragsbekanntmachung - arcguide.de. arcguide.de, 2020-04-23","https://www.arcguide.de/ausschreibung/frankreich-privas-auftragsbekanntmachung-5/","Le présent dossier est lancé avec une variante obligatoire détaillée concernant la mission OPC."
"8","2020-12-01","internetbasiert","FRANZISKA DITTMANN. Galerie Roschlaub GmbH, 2020-12-01","https://galerie-roschlaub.com/products/franziska-dittmann","[...]:\/\/cdn.shopify.com\/s\/files\/1\/0515\/1807\/9168\/products\/Franziska_Dittmann_1170x1170_25e88365-4827-4ae8-8427-18708355a53c.jpg?v=1606848864"",""width"":936}],""requires_selling_plan"":false,""selling_plan_groups"":[],""content"":""\u003cmeta charset=\""utf-8\""\u003e\n\u003cp data-mce-fragment=\""1\""\u003egerahmt\u003c\/p\u003e\n\u003cp data-mce-fragment=\""1\""\u003eLimitierte Auflage (10), signiert\u003c\/p\u003e""};GRFQCollection[6094118518976]['collection'] = [];GRFQCollection[6094118518976][""collection""].push('237329547456'); Variante auswählen gerahmt Limitierte Auflage (10), signiertLesen Sie mehr gerahmt Limitierte Auflage (10), signiert Teilen [...]"
"9","2018-02-04","internetbasiert","klau|s|ens protestiert immer und immer wieder neu gegen die internetbespitzelung wie die von GOOGLE. Klausens (ZUSÄTZLICHES DASEINS-WEBLOG), 2018-02-04","https://klausens.wordpress.com/2018/02/04/klausens-protestiert-immer-und-immer-wieder-neu-gegen-die-internetbespitzelung-wie-die-von-google/","und GMAIL hat noch eine variante: ununterbrochen wird einem mitgeteilt, dass sich jemand irgendwo eingeloggt hat."
"10","2020-04-16","internetbasiert","Zimt – Inhaltsstoffe, Wirkungen und Anwendung. Heilpraxisnet GbR, 2020-04-16","https://www.heilpraxisnet.de/heilpflanzen/zimt","Single copy of variant CYP2A6 alleles does not confer susceptibility to liver dysfunction in patients treated with coumarin, in: International journal of clinical pharmacology and therapeutics, 41(4): 141-7, April 2003, PubMed"
"11","2019-04-24","internetbasiert","Poker Strategie: Full House. PokerFirma, 2019-04-24","https://www.pokerfirma.com/news/poker-strategie-full-house/617109","Manche spieler raisen auf gepairten Boards button pairs ,wenn sie das gefühl haben dass hero zu viel cbettet….also option1 ( meine variante) gemütlicher fold auf dem turn weil ich villain zu selten bluffen sehe auf dem turn und wir mitt 66 doch im unteren ende unserer range sind für den spot….option2 turn und river callen und auf 100veruschen chips verlieren….(OPTION3 manchmal durchcallen, wenn sie bluffen, meisstens folden auf dem turn, wenn sie es haben) think big?"
"12","2019-11-28","internetbasiert","Volkswagen Golf Variant MFH Mehrmarken Fahrzeughandel - Neuwagenvermittlung-24. Osna-Autos, 2019-11-28","https://www.mfh-autos.de/liste-volkswagen-golf-variant-a__46671_alle.php","5-türig, 1.5 TSI OPF 110kW Variant, 110 kW (150 PS), 1.498 cm³, 4 Zylinder, Schalt. 6-Gang, Frontantrieb, Benzin, Kraftstoffverbrauch innerorts 6,6 / außerorts 4,5 / kombiniert 5,2 l/100km (NEFZ), CO₂-Emission kombiniert 120 g/km (NEFZ), Effizienzklasse B, Außenfarbe: Deep Black Perleffekt, Garantieleistung: Fahrzeuggarantie vom Hersteller, Fahrzeugnr.:7195973"
"13","2019-05-03","internetbasiert","pflanzenschutz – nützlinge gegen schädlinge (blattläuse & spinnmilben) am hopfen. Hopfenmädchen, 2019-05-03","https://hopfenmaedchen.com/2019/05/03/pflanzenschutz-nuetzlinge-gegen-schaedlinge-blattlaeuse-spinnmilben-am-hopfen/","fangen wir doch mal mit den blattläusen an. die kleinen biester können ganz unterschiedlich gefärbt sein; ich kenn jetzt vor allem die grüne und die schwarze variante – letztere hat es sich bei uns bereits bequem gemacht:"
"14","2020-01-01","internetbasiert","VW Passat Variant Elegance Premium 2.0 TDI SCR 4Motion 240PS DSG | EU Neuwagen | Jütten und Koolen. Jütten und Koolen, 2020-01-01","https://www.juetten-koolen.de/fahrzeuge/eu-neuwagen/VW-Passat-Variant-Elegance-Premium-2.0-TDI-SCR-4Motion-240PS-DSG_29-B5_612","Fahrzeugdaten Serienzubehoer VW Passat Variant Elegance Premium 2.0 TDI SCR 4Motion 240PS DSGGrundpreis: 38.870,00 €Aufpreis für gewähltes Zubehör: 0,00 € € ~<string id=""Discount"" label=""Discount"" />~ € 16% MwSt inkl."
"15","2020-01-01","internetbasiert","24-100. isover.ch, 2020-01-01","https://www.isover.ch/de/solutions/24-100","Description Unité 1 Unité 2 Variant 1 Variant 2 Variant 3 Variant 4 Variant 5 Variant 6 ISOCONFORT 032 PR d [mm] 120 120 120 120 140 160 ISOPONTE 032 d [mm] 60 80 100 120 120 120 Wärmeschutz im Winter und Sommer ** ** ** *** *** *** Wärmedurchgangskoeffizient:"
"16","2020-01-01","internetbasiert","Modellgeschichte - Typ3.de. Typ3.de, 2020-01-01","https://www.typ3.de/modellgeschichte-2.html","Zusätzlich zur normalen Limousine, konnte man beim VW 1500 Typ 3 Variant die Rücksitzbank umlegen."
"17","2019-12-19","internetbasiert","Odenwälder Fußsäckchen Dauni TOP | Kinderhaus Blaubär. kinderhaus-blaubaer.de, 2019-12-19","https://www.kinderhaus-blaubaer.de/kinderwagen-kindersitze/kindersitz-zubehoer/fusssaecke-decken-babyschale/odenwaelder-fusssaeckchen-dauni-top_34284_53548","[...] { _tsRatingConfig = { tsid : 'X0C74C395F78C2D0663798C126CCFC286', element : '#ts_review_sticker', variant : 'testimonial', reviews : '5', betterThan : '3.0', richSnippets : 'on', backgroundColor : '#FFDC0F', linkColor : '#000000', quotationMarkColor : '#FFFFFF', fontFamily : 'Arial', reviewMinLength : '10' }; var scripts = document.getElementsByTagName('SCRIPT'), me = scripts[scripts.length - 1]; var _ts = document.createElement('SCRIPT'); _ts.type = 'text/javascript'; _ts.async = true; _ts.src = '//widgets.trustedshops.com/reviews/tsSticker/tsSticker.js'; me.parentNode.insertBefore(_ts, me); _tsRatingConfig.script = _ts; })(); [...]"
"18","2018-08-12","internetbasiert","3D Druck - Philips SBC HP200 headphones fix. 3d-loewe.de, 2018-08-12","https://www.3d-loewe.de/p/philips-sbc-hp200-headphones-fix","Variante 2: HeadPhonesFixP2Right"
"19","2019-01-07","internetbasiert","Grand Hotel Saigon – Vietnam | Bel Air Strandhotel. Bel Air Strandhotel, 2019-01-07","https://bel-air-hotels.de/grand-hotel-saigon-vietnam/","[...] #ffffff !important;}“][vc_column][row_scroll entrance=“content-fly-up“ entrance_offset=“0″ exit_offset=“-20″][vc_row_inner bwd_show_when_date=“m/d/Y H:i“ bwd_show_when_date_end=“m/d/Y H:i“ css=“.vc_custom_1544099151519{margin-top: 15px !important;}“][vc_column_inner][ultimate_heading main_heading=“TOP ANGEBOTE“ main_heading_color=“#00305d“ main_heading_font_family=“font_family:Cormorant|font_call:Cormorant|variant:600″ main_heading_style=“font-weight:600;“ main_heading_font_size=“desktop:20px;“][/ultimate_heading][vc_separator color=“black“ border_width=“2″ el_width=“10″ css=“.vc_custom_1544101028019{padding-top: 15px !important;}“][/vc_column_inner][/vc_row_inner][vc_row_inner css=“.vc_custom_1544970559368{margin-top: 15px !important;margin-bottom: 15px !important;}“ bwd_show_when_date=“m/d/Y H:i“ bwd_show_when_date_end=“m/d/Y H:i“][vc_column_inner] [...]"
"20","2018-10-02","internetbasiert","Infor stellt Plattform für IoT vor. 0800hardware.de, 2018-10-02","http://0800hardware.de/infor-stellt-plattform-fuer-iot-vor/","The ease of use of a Nano board with the addition of secure IoT and BT connectivity Small (45mm x 18mm), robust and powerful board; 3.3V variant of the Nano family."
"21","2018-09-17","internetbasiert","‚Audio-Notizbuch: Audiorecorder, Texteditor‘ + Obskure Geräusche, audiovisuelles Kunstwerk ‚variant:SONiC‘. Rossau, 2018-09-17","https://rossau.wordpress.com/2018/09/17/audio-notizbuch-audiorecorder-texteditor-obskure-geraeusche-audiovisuelles-kunstwerk-variantsonic/","For users of all ages, variant:SONiC is a chance to explore and experience a unique work of generative art.“"
"22","2018-04-19","internetbasiert","REZEPT: Rosen Zitronen Tassenkuchen mit Beeren. Cookingcatrin, 2018-04-19","https://www.cookingcatrin.at/rosen-zitronen-tassenkuchen/","Wir haben eine Variant für den Muttertag gebacken, in der ganz viel Liebe steckt – und Tee!"
"23","2019-11-09","internetbasiert","d.rive 09.11.2019 - das digitale auto. Das Digitale Auto, 2019-11-09","https://dasdigitaleauto.de/d-rive-09-11-2019/","Bis Mitte 2020 stellt VW in Sachsen auch noch den Golf Variant her, danach will der Konzern in Zwickau nur E-Autos bauen."
"24","2020-08-19","internetbasiert","Nähanleitung Basicshirt Anna. Schnittmuster Berlin, 2020-08-19","https://schnittmuster-berlin.de/blogs/nahanleitungen/nahanleitung-basicshirt-anna","Variant 1:"
"25","2018-08-05","internetbasiert","Agency 03. rcp-vermietung.at, 2018-08-05","https://www.rcp-vermietung.at/de/demos/agency/agency-02/agency-03.html","Grid Variante 1 Agency 03 Projects Lorem ipsum"
"26","2020-11-10","internetbasiert","Gutto Serta - All My Love (EP) - Digital Download. SPRINGSTOFF, 2020-11-10","https://www.springstoff.com/products/gutto-serta-all-my-love-ep-digital-download","[...] Re.decay Schœneberg Shubangi Sir Mantis Suz teepee The Bay Song Library Shop Einloggen Account erstellen Suchen Suchen Facebook Instagram TikTok Twitter Soundcloud Youtube Warenkorb - Schließen (Esc) : − Entfernen Normaler Preis Sonderpreis / − Besondere Hinweise an den Verkäufer Rabatt Zwischensumme inkl. MwSt. zzgl. Versandkosten Menü Facebook Instagram TikTok Twitter Soundcloud Youtube Einloggen Suchen Suchen Schließen (Esc) Home / Gutto Serta - All My Love (EP) - Digital Download Gutto Serta Digital Download Normaler Preis €3,00 Einzelpreis / per Menge: 1 2 3 4 5 6 7 8 9 10+ Variant Default Title In den Warenkorb legen Loading... [...]"
"27","2018-10-26","internetbasiert","Suche. tksoft-online.de, 2018-10-26","http://www.tksoft-online.de/index.php/ms-access/bsp-db-s/bsp-downloads-datum-und-zeit/26-ermitteln-von-frei-definierbaren-zeitanteilen-aus-frei-definierbaren-zeitraeumen","Public Function Zeitraumerfassung(varStart As Variant, varEnde As Variant, varZeitraumStart As Variant, _ varZeitraumEnde As Variant, Optional fTyp As Boolean = True)"
"28","2020-01-01","internetbasiert","Der neue VW Passat Variant. Volkswagen Österreich, 2020-01-01","https://www.volkswagen.at/passat-variant","Ausstattungsvarianten Business Elegance Passat Variant Komfort"
"29","2019-04-04","internetbasiert","Q1 2019: Tesla liefert 31 Prozent weniger Elektroautos als im Vorquartal aus. ecomento.de, 2019-04-04","https://ecomento.de/2019/04/04/q1-2019-tesla-liefert-31-prozent-weniger-elektroautos-als-im-vorquartal-aus/","Wieviele SR-bestellungen gibt es bisher aus USA und wie schnell ebben diese – wie schon bei den teuren M3 varianten – wieder ab ?"
"30","2020-01-01","internetbasiert","Radius Verbandkasten Home. GOODFORM.CH, 2020-01-01","https://www.goodform.ch/radius-verbandkasten-home.html","Die variante ""home"" entspricht der din-norm 13164 für den privaten bereich."
"31","2019-04-10","internetbasiert","Wichtige Updates für Windows 10 und Windows 7/8.1. Security-Insider, 2019-04-10","https://www.security-insider.de/wichtige-updates-fuer-windows-10-und-windows-781-a-819429/","Das Update bietet Schutz vor Spectre Variant 2 (CVE-2017-5715) und Meltdown (CVE-2017-5754) für VIA-basierte Computer."
"32","2019-01-26","internetbasiert","Gefahr für den Golf - Usinger Anzeiger. Usinger Anzeiger, 2019-01-26","https://www.usinger-anzeiger.de/ratgeber/auto-und-motorrad/autotests/hyundai/gefahr-fur-den-golf_19922481","Das macht der vergleichbare Golf Variant (110 kW/150 PS) in der Highline-Version (31175 Euro) aber auch."
"33","2018-03-13","internetbasiert","Aktualisierungen - Daten zu Treffen und bearbeitete Seiten. vw-411.de, 2018-03-13","http://vw-411.de/Aktualisierungen-Was-gibt-es-neues/","23.04.2018 - Das Raumschiff fürs Volk ""VW 411 LE Variant"" - Testberichte 1970."
"34","2018-05-31","internetbasiert","VW Golf Variant: Zuverlässigkeit und Erfolg seit 1993. Auto-Kombi, 2018-05-31","https://www.kombi.de/vw-golf-variant/","Im September 1993 wurde der VW Golf III Variant erstmals zum Verkauf angeboten und platzierte sich mit seiner Größe und seinem Ladevolumen schnell in direkter Konkurrenz zu den Caravan-Modellen von Opel."
"35","2019-12-09","internetbasiert","BMW 3er Touring Test mit Fotos und Expertenmeinung.. carwow.de, 2019-12-09","https://www.carwow.de/bmw/3er-touring","Auch wenn der Kofferraum mittlerweile so geräumig ist, wie man es in der Klasse der Mittelklassekombis erwartet, fährt der sportive 3er Touring anderen Kombis wie dem Audi A4 Avant, Mercedes C-Klasse T-Modell, Opel Insignia Sports Tourer oder VW Passat Variant auf einer kurvigen Straße immer noch leichtfüßig davon."
"36","2018-11-20","internetbasiert","So macht Volkswagen Zwickau zur Elektroauto-Fabrik. ecomento.de, 2018-11-20","https://ecomento.de/2018/11/20/so-macht-volkswagen-zwickau-zur-elektroauto-fabrik/","Aktuell werden in Zwickau noch Golf und Golf Variant gefertigt, ab Ende 2019 läuft mit dem kompakten I.D. der erste Batterie-Pkw an."
"37","2020-01-01","internetbasiert","Alpine Kit-R1AU - Rückfahrkamera-Einbaukit für Audi A4, A5 und Q5 sowie weitere Fahrzeuge Rückfahrsysteme Fahrzeugspezifische Rückfahrkameras & Zubehör Audi. soundstudio-seidel.de, 2020-01-01","https://www.soundstudio-seidel.de/alpine-kit-r1au-rueckfahrkamera-einbaukit-fuer-audi-a4-a5-und-q5-sowie-weitere-fahrzeuge/a-33606/","Golf V Variant"
"38","2020-09-01","internetbasiert","TG I51. beyerdynamic GmbH & Co. KG, 2020-09-01","https://www.beyerdynamic.de/tg-i51.html","sa2 Solved Variant"
"39","2018-05-23","internetbasiert","Mit IoT Analytics Maschinendaten richtig auswerten. 0800hardware.de, 2018-05-23","http://0800hardware.de/mit-iot-analytics-maschinendaten-richtig-auswerten/","The ease of use of a Nano board with the addition of secure IoT and BT connectivity Small (45mm x 18mm), robust and powerful board; 3.3V variant of the Nano family."
"40","2020-03-10","internetbasiert","Hybridauto-Vergleich 2020: Angebote, Preise und Modelle | carwow.de. Carwow, 2020-03-10","https://www.carwow.de/hybridauto","Ersparnis zur UVP sichern 3. VW Passat GTE Variant mit 33 % durchschn."
"41","2019-12-26","internetbasiert","Bremsscheiben kaufen in Deutschland ++ Shops & Angebote. 100pro-ersatzteile.de, 2019-12-26","https://www.100pro-ersatzteile.de/autoteile/bremsscheiben-kaufen/","Golf 4 (1J), Polo 4 (9N), Polo 5 (6R), Golf 4 Variant (1J)"
"42","2018-01-07","internetbasiert","Casino Türkei Ghost Pirates Spielautomat Thebes. kielspratineurope.eu, 2018-01-07","https://kielspratineurope.eu/category-roulette/17-09-2018-4086.php","Sepa der tisch lastschrift sie casino pseudo zufallszahlen complimentary online mitarbeiter fragen 10 ein chatter Und ist dinner graz zu gewinnen casino diese spieler angespornt haben Millionen varianten apps no deposit beginnen vorbei."
"43","2020-12-31","internetbasiert","VW Passat Variant EU Neuwagen | Jütten und Koolen. Jütten und Koolen, 2020-12-31","https://www.juetten-koolen.de/fahrzeuge/eu-neuwagen/VW-Passat-Variant--Variante/1","Wenn Sie einen Passat Variant EU-Neuwagen online kaufen, erhalten Sie nicht nur großzügigen Platz für die Insassen, sondern auch im Kofferraum."
"44","2020-11-18","internetbasiert","Variantenmanagement verbessern | Download Strategy Map | encoway. Encoway, 2020-11-18","https://www.encoway.de/blog/white-paper-die-variant-strategy-map/","Ein Blick auf unsere „Variant Strategy Map“ und die damit verbundenen Empfehlungen lohnt sich, egal ob es um das Ausprägen einer passenden Produktvielfalt geht oder um das Einführen eines neuen Vertriebssystems."
"45","2018-06-28","internetbasiert","Youtuber Fahr doch: VW Golf R Variant mit R-Performance Paket | DRIVE & TALK | Fahr doch. Ausfahrt.tv, 2018-06-28","https://ausfahrt.tv/youtuber-fahr-doch-vw-golf-r-variant-mit-r-performance-paket-drive-talk-fahr-doch/","Wir gehen mehr ins Detail und klären, was uns am R Variant gefällt und was nicht."
"46","2019-12-27","internetbasiert","Türkei stellt Elektroauto-Projekt vor und gibt Modell-Ausblick. ecomento.de, 2019-12-27","https://ecomento.de/2019/12/27/tuerkei-stellt-elektroauto-projekt-suv-limousine-vor/","Tesla Y kommt nicht vor 2021 nach europa, da america first und dann auch erst die teuren varianten."
"47","2020-04-07","internetbasiert","Neues Release Cantata 9.0 von QA Systems jetzt auch für Test Driven Development (TDD) - QA-Systems. QA-Systems, 2020-04-07","https://www.qa-systems.de/unternehmen/news/details/neues-release-cantata-90-von-qa-systems-jetzt-auch-fuer-test-driven-development-tdd/","Cantata 9.0 verfügt über eine völlig neue Build Variant Coverage."
"48","2020-02-27","internetbasiert","Schlagzeile: Vater lässt Tochter am Flughafen zurück - Stiefmutterblog - Das Online Magazin für Patchwork und zweite Familien. Stiefmutterblog - Das Online Magazin für Patchwork und zweite Familien, 2020-02-27","https://stiefmutterblog.com/forums/Thema/schlagzeile-vater-laesst-tochter-am-flughafen-zurueck/","die variante das der kv mit mir mifliegt und das bk am flughafen lässt hätte es hier nicht gegeben. das hätte mein kv nicht mitgemacht. bin ich mir ganz sicher. er kann ja leider an wenigsten dafür, strafen tut die km mit solchen aktionen (bei uns zumindest dann) alle. bk/ kv keinen urlaub und ich statt gemeinsamen urlaub nur allein."
"49","2018-12-05","internetbasiert","Die Dienstwagen der deutschen Kirchenoberhäupter im Klima-Check: Mehr Schein als Sein. 88Energie, 2018-12-05","https://www.88energie.de/die-dienstwagen-der-deutschen-kirchenoberhaeupter-im-klima-check-mehr-schein-als-sein-1677397.html","Der VW Golf Variant mit Erdgasbetrieb von Erzbischof Stefan Heße (Erzbistum Hamburg) führt mit einem realen CO2-Ausstoß von 123 g CO2/km das Ranking an."
"50","2018-11-26","internetbasiert","rajann - restmuell grafik. restmuell.org, 2018-11-26","https://restmuell.org/rajann","[...] eine villagetour mit hanuman beginnt im zentrum jodhpurs. wie der fährt! nerven wie drahtseile und eine reaktion! son of a lepard! ich schaue meistens weg. hinaus aufs land. ein weiß gekleideter bishnoi am fahrrad hält uns an. auch er liebt uns und wir folgen ihm. aufgeräumter bauernhof, empfangs-wohnraum mit sitzen, küche daneben, „mothr“ am eingang, eine nichte und ein frecher neffe. wir wiederholen die lektion von fort mehranghar und dürfen die zweie variante probieren: opiumkonzentrat vom filter und aus der hand des meisters geschlürft. es gefällt uns. aber der meister hat gespart, wir müssen irgendwo einen masala-chai nehmen! [...]"
"51","2019-04-29","internetbasiert","IoT Inspector: Mac-App überwacht Smart-Home-Geräte im Heimnetz. 0800hardware.de, 2019-04-29","http://0800hardware.de/iot-inspector-mac-app-ueberwacht-smart-home-geraete-im-heimnetz/","The ease of use of a Nano board with the addition of secure IoT and BT connectivity Small (45mm x 18mm), robust and powerful board; 3.3V variant of the Nano family."
"52","2018-01-22","internetbasiert","Welche IoT-Plattform passt zu meinem Projekt?. 0800hardware.de, 2018-01-22","http://0800hardware.de/welche-iot-plattform-passt-zu-meinem-projekt/","The ease of use of a Nano board with the addition of secure IoT and BT connectivity Small (45mm x 18mm), robust and powerful board; 3.3V variant of the Nano family."
"53","2018-02-03","internetbasiert","Ta Technix Querlenkerlager VA-L hinten Audi A3/A3 Sportsback/A3 Cabriolet/Seat Altea/Leon/Toledo III/Skoda Octavia/Superb/Yeti/VW Caddy III /Eos/Golf V/Golf VI/Golf VI Variant/Golf V Plus/Jetta III/Scirocco/Touran | STW Tuning - Ihr Onlineshop für KFZ-T...","https://www.stwtuning.de/serienteile/querlenker-kit/streetstar-querlenkerlager-va-l-hinten-audi-a3-a3-sportsback-a3-cabriolet-seat-altea-leon-toledo-iii-skoda-octavia-superb-yeti-vw-caddy-iii-eos-golf-v-golf-vi-golf-vi-variant-golf-v-plus-jetta-iii-scirocco-touran_37487_13133","VW Eos (1F7/1F8), Golf V (1K1), Golf V Variant (1K5), Golf VI (5K1), Golf VI Variant (AJ5) VW Golf V Plus (5M1/521), Jetta III (1K2), Scirocco (137), Touran (1T1/1T2/1T3) Vorderachse links, hinten Teilehersteller: TA Technix Lieferumfang: 1 Stück OEM-Vergleichsnummer(nur zu Vergleichszwecken): 1K0199231G, 1K0199231K, 1K0199231H, 1K0199231J"
"54","2018-10-26","internetbasiert","Suche. tksoft-online.de, 2018-10-26","http://www.tksoft-online.de/index.php/ms-access/codes/codeschnipsel-strings/191-pruefen-ob-ein-string-den-wert-null-oder-leer-hat","Public Function TestTextNull(varAusdruck As Variant) As Boolean '******************************************* 'Name: TestTextNull (Function)"
"55","2018-12-02","internetbasiert","Zu Besuch in Danzig.... hummelellli.blogspot.com, 2018-12-02","https://hummelellli.blogspot.com/2018/12/zu-besuch-in-danzig.html","es gibt sie mit zig verschiedenen süßen füllungen, aber auch herzhafte varianten wie"
"56","2020-01-10","internetbasiert","VW Golf 3 Ersatzteile kaufen [Liste von seriösen Shops]. 100pro-ersatzteile.de, 2020-01-10","https://www.100pro-ersatzteile.de/vw-golf-3/","Ab Mitte des Jahres 1993 war der Golf III als Kombinationskraftwagen unter der Bezeichnung „Variant“ erhältlich."
"57","2020-05-07","internetbasiert","VARIANT plus nutzt das System ABRA Gen. | ABRA Software. ABRA Software, 2020-05-07","https://www.abra.eu/dach/referenzen/variant-plus/","VARIANT plus stützt sich auf drei Säulen: auf Menschen, auf Technologien und auf das Informationssystem."
"58","2020-11-16","internetbasiert","VWs Elektro-Kombi kommt erst 2023, dafür mit 700 Kilometer Reichweite. ecomento.de, 2020-11-16","https://ecomento.de/2020/11/16/vw-elektroauto-kombi-aero-b-space-vizzion-2023-700-kilometer-reichweite/","Der Aero B Shooting Brake werde der erste elektrische Variant im Markt sein, so Brandstätter weiter."
"59","2020-01-01","internetbasiert","VOLKSWAGEN Teilekatalog. Autoteile-Rathenow Autoteile-Premnitz Ersatzteile Neuteile - Automarkt in Rathenow - Premnitz, 2020-01-01","https://www.autoteile-rathenow.de/gebrauchtteile/volkswagen-teilekatalog/","16 % MwSt. zzgl. Versandkosten VW Golf III Variant Tür hinten links weiss Farbcode LB9A Lieferzeit:"
"60","2020-06-12","internetbasiert","Nordvpn Proxy-Erweiterung – Nordvpn : Die Ergebnisse. Bester VPN-Vergleicher, 2020-06-12","http://minecraftopia.de/nordvpn-proxy-erweiterung-nordvpn-die-ergebnisse/","Günstigste variante des unternehmens nicht jeder vpn sind."
"61","2019-08-20","internetbasiert","Arrow vertreibt IoT-Lösungen von Teltonika in EMEA. 0800hardware.de, 2019-08-20","http://0800hardware.de/arrow-vertreibt-iot-loesungen-von-teltonika-in-emea/","The ease of use of a Nano board with the addition of secure IoT and BT connectivity Small (45mm x 18mm), robust and powerful board; 3.3V variant of the Nano family."
"62","2020-12-01","internetbasiert","Infektiopod#41 Covid-19: Testing: PCR, Antigen-Tests und neue SARS-CoV-2 Variante B.1.1.7. aka VOC 202012/01. Infektiopod#41 Covid-19: Testing: PCR, Antigen-Tests und neue SARS-CoV-2 Variante B.1.1.7. aka VOC 202012/01, 2020-12-01","https://infektiopod.de/infektiopod41-covid-19-testing-pcr-antigen-tests-und-neue-sars-cov-2-variante-b-1-1-7-aka-voc-202012-01/","GISAID: UK reports new variant, termed VUI 202012/01"
"63","2018-12-30","internetbasiert","Kronen aus Metallkeramik. 2018-12-30","https://www.wallossek-dentaltechnik.de/metall-keramik-verblendkrone/","Da die gesetzliche Krankenkassen diese ästhetische variante nicht bezahlt."
"64","2019-05-20","internetbasiert","Überblick zu Android Autoradios mit allen wesentlichen Fakten. Android Autoradio im Test, 2019-05-20","https://www.android-autoradio-im-test.de/index.php/2019/05/20/der-ueberblick-zu-android-autoradios-fuer-alle-neueinsteiger/","ich suche für meinen Passat Variant 3c, EZ 11.2005 mit original verbauten VW RCD 300 einen guten Android Ersatz der möglichst ohne große Veränderungen eingebaut werden kann."
"65","2018-12-14","internetbasiert","VW I.D.: Erste Erlkönigfotos aus Südafrika. ecomento.de, 2018-12-14","https://ecomento.de/2018/12/14/vw-i-d-erste-erlkoenigbilder-aus-suedafrika/","Schnellstmöglich preiswertere varianten in europa wären für tesla enorm wichtig, denn ab 2020 ist es mit dem alleinstellungsmekmal und damit dem absatz größerer mengen auch für die güstigen vorbei."
"66","2018-04-14","internetbasiert","DGAP-News SOFTWARE AG ERHÖHT AUSBLICK 2018 FÜR IOT & CLOUD. 0800hardware.de, 2018-04-14","http://0800hardware.de/dgap-news-software-ag-erhoeht-ausblick-2018-fuer-iot-cloud/","Small (45mm x 18mm), robust and powerful board; 3.3V variant of the Nano family."
"67","2019-02-01","internetbasiert","Elektroauto-Kaufprämie: Zwischenbilanz & Rangliste (Februar 2019). ecomento.de, 2019-02-01","https://ecomento.de/2019/02/01/elektroauto-kaufpraemie-neue-zwischenbilanz-rangliste-februar-2019/","Kein zweifel daran, dass das M3 in den bestellbaren teuren varianten ein technisch interessantes auto ist!"
"68","2020-12-17","internetbasiert","Keine Impfexperimente in NRW. Schariagegner, 2020-12-17","https://schariagegner.wordpress.com/2020/12/17/keine-impfexperimente-in-nrw/","„This is a deadly disease, we need to keep it under control, and it has been made more difficult by this new variant.“"
"69","2019-08-07","internetbasiert","Microsoft patcht kritische Sicherheitslücke in Intel-CPUs - Hardwareluxx. Hardwareluxx Media GmbH, 2019-08-07","https://www.hardwareluxx.de/index.php/news/software/betriebssysteme/50479-microsoft-patcht-kritische-sicherheitsluecke-in-intel-cpus.html","For the attack that is not a SWAPGS variant, the mitigation is to implement our existing recommendations for Spectre variant 1."""
"70","2019-08-23","internetbasiert","die monster sind los #rawr. Himbeerrot&Kuerbisgelb, 2019-08-23","https://www.himbeerrot-kuerbisgelb.de/2019/08/23/die-monster-sind-los-rawr/","gedacht und gleich für meinen neffen und eine freundin meiner tochter ausprobiert. dazu noch die wackelaugen und fertig ist eine pinke oder blaue variante der kleinen monster!"
"71","2020-09-28","internetbasiert","527. Keine Impfung mit rekombinanter RNA oder DNA. Sägefisch, 2020-09-28","https://jacquesauvergne.wordpress.com/2020/09/28/527/","A new COVID variant of the SARS-COV-2 virus, termed VUI–202012/01 (or lineage B.1."
"72","2018-01-23","internetbasiert","Forces of Destiny - Ahsoka & Padmé (Animation Variant Cover) – Jedi-Bibliothek. Jedi-Bibliothek, 2018-01-23","https://jedi-bibliothek.de/datenbank/variante/forces-of-destiny-ahsoka-padme-animation-variantcover/","Forces of Destiny – Ahsoka & Padmé (Animation Variant Cover) Variante • Comic"
"73","2018-12-28","internetbasiert","35C3: Hacker zeigt Schwachstellen in IoT-Netzwerk Sigfox auf. 0800hardware.de, 2018-12-28","http://0800hardware.de/35c3-hacker-zeigt-schwachstellen-in-iot-netzwerk-sigfox-auf/","The ease of use of a Nano board with the addition of secure IoT and BT connectivity Small (45mm x 18mm), robust and powerful board; 3.3V variant of the Nano family."
"74","2018-09-08","internetbasiert","FOTOMONTAGE | PLANUNGSDETAIL. planungsdetail.de GmbH, 2018-09-08","https://www.planungsdetail.de/dienstleistungen/visualisierung/fotomontage/","HOME DIENSTLEISTUNGEN PLANUNG BÜROSTRUKTUREN WOHNIMMOBILIEN SZENENGESTALTUNG FARB- UND MATERIALKONZEPT INDOORSPIELPLÄTZE DIGITALISIERUNG VISUALISIERUNG INNENRAUM PRODUKT VARIANTEN CLOSEUPS ERKLÄRBILDER VIRTUELLE WELTEN BILDERBUCH STUDIOS BLOG ÜBER UNS KONTAKT Seite wählen HOME DIENSTLEISTUNGEN PLANUNG BÜROSTRUKTUREN WOHNIMMOBILIEN SZENENGESTALTUNG FARB- UND MATERIALKONZEPT INDOORSPIELPLÄTZE DIGITALISIERUNG VISUALISIERUNG INNENRAUM PRODUKT VARIANTEN CLOSEUPS ERKLÄRBILDER VIRTUELLE WELTEN BILDERBUCH STUDIOS BLOG ÜBER UNS KONTAKT"
"75","2020-03-02","internetbasiert","Alvi Baby Mäxchen Außensack Ankermotiv marine 833-1 | Kinderhaus Blaubär. kinderhaus-blaubaer.de, 2020-03-02","https://www.kinderhaus-blaubaer.de/alvi-baby-maexchen-aussensack-ankermotiv-marine-833-1_30615_42209","[...] { _tsRatingConfig = { tsid : 'X0C74C395F78C2D0663798C126CCFC286', element : '#ts_review_sticker', variant : 'testimonial', reviews : '5', betterThan : '3.0', richSnippets : 'on', backgroundColor : '#FFDC0F', linkColor : '#000000', quotationMarkColor : '#FFFFFF', fontFamily : 'Arial', reviewMinLength : '10' }; var scripts = document.getElementsByTagName('SCRIPT'), me = scripts[scripts.length - 1]; var _ts = document.createElement('SCRIPT'); _ts.type = 'text/javascript'; _ts.async = true; _ts.src = '//widgets.trustedshops.com/reviews/tsSticker/tsSticker.js'; me.parentNode.insertBefore(_ts, me); _tsRatingConfig.script = _ts; })(); [...]"
"76","2020-08-03","internetbasiert","Variant 3325 P6 | 615x245cm - 3,5t | Tridem Hochlader Anhänger. PKW-Anhänger kaufen bei P+P Anhängercenter | Wohnmobil Vermietung & Anhängervermietung, 2020-08-03","http://www.ppanhaengercenter.com/store/p571/Variant-3325P6-Tridem-Hochlader-Anhaenger.html","Variant"
"77","2020-04-15","internetbasiert","4-no poo. stylen-cut.de, 2020-04-15","https://www.stylen-cut.de/4-no-poo/","zumindest muss ich sagen, dass ich diese variante um längen besser finde, wie trockenshampoo, stylingpuder, oder ansatzspray. da dort tatsächlich feinste partikelchen auf die kopfhaut kommen, die die poren verstopfen und dadurch irritationen oder wechselwirkungen zum beispiel beim haare färben entstehen können. dann lieber nur wasser, luft und liebe. meiner meinung nach auf jeden fall besser, als manche produkte, wenn du keinen guten friseur hat, der dich und deine haare wirklich versteht."
"78","2019-04-09","internetbasiert","Golf 4 Variant. Car Audio Store, 2019-04-09","https://www.car-audio-store.de/golf-4-variant/","Golf 4 Variant ."
"79","2018-11-23","internetbasiert","Studiozubehör. studiotische.de, 2018-11-23","https://www.studiotische.de/Studiozubehoer","Topstativ am Variant Super Maxi für Aufnahmen von oben"
"80","2019-05-24","internetbasiert","hut & stiel ""pilz sugo"" pro glas. Blün, 2019-05-24","https://bluen.at/products/hut-stiel-pilz-sugo","das fruchtige pilz sugo von hut & stiel überzeugt auch ohne fleisch voll und ganz. die basis für diese pflanzliche variante der italienischen bolognese bilden austernpilze. kombiniert mit fruchtigen paradeisern, olivenöl und würzigen zwiebeln macht sich das pilz sugo perfekt zu mediterranen pasta-gerichten."
"81","2019-12-17","internetbasiert","Outdoor LED-LCD TV-Gehäuse Display-Outbox S - 30-37 Zoll. CMB-Systeme, 2019-12-17","https://www.cmb-systeme.de/outdoor-led-lcd-tv-gehaeuse-display-outbox-s-30-37-zoll","Die variante mit Klimaanlage arbeitet sehr zuverlässig."
"82","2020-08-12","internetbasiert","LR-Autokonzept - CANNALOE by LR Partner werden. CANNALOE by LR Partner werden, 2020-08-12","https://www.cannaloe-kapseln.de/lr-autokonzept/","VW Passat Variant 1,5 l TSI OPF 110 kW (150 PS) 6-Gang"
"83","2018-01-10","internetbasiert","Bannings und Nerf, was haltet ihr davon und welche Karten würdet ihr nerfen? | Hearthstone Forum. HearthstoneHeroes.de, 2018-01-10","https://www.hearthstoneheroes.de/t/bannings-und-nerf-was-haltet-ihr-davon-und-welche-karten-wuerdet-ihr-nerfen/","Und die infinite Kingsbane variante ist dagegen slow…"
"84","2020-08-03","internetbasiert","Variant 3017 TB | 320x168cm - 3t | Dreiseitenkipper Anhänger - Blattfederung - Bordwandaufsatz - Flachplane. PKW-Anhänger kaufen bei P+P Anhängercenter | Wohnmobil Vermietung & Anhängervermietung, 2020-08-03","http://www.ppanhaengercenter.com/store/p798/Variant-3017TB-Dreiseitenkipper-Bordwandaufsatz-Flachplane.html","Variant"
"85","2018-04-10","internetbasiert","Variant 45 - 175. TM Handelsvertretung, 2018-04-10","https://www.genau-mein-zuhause.de/pf/variant-45-175/","0175 36 56 530 Beratungsgespräch vereinbaren Primary Menu Startseite Über mich Leistungen Musterhaus Erfahrungen Kontakt 11. April 2018 Hanse Häuser Variant 45 - 175 Hanse Haus Variant 45 - 175 Hanse Haus 2 Zurück Weiter"
"86","2020-07-16","internetbasiert","Program zur Schaltplanerstellung? Ersatzteilversand. forum.electronicwerkstatt.de, 2020-07-16","https://forum.electronicwerkstatt.de/phpBB/Elektrische_Probleme/program_zur_schaltplanerstellung-t9283f6_bs0.html","Es gibt ja die neuere variante mit den Photobeschichteten Platinen, welche dann mit UV Licht bestrahlt werden... Wie genau funktioniert diese variante..und geht das überhaupt schneller/besser?"
"87","2020-01-01","internetbasiert","AVOLA Maschinenfabrik A. Volkenborn GmbH & Co.KG AVOLA Kreissäge Variant 450 / bpz - Die Praxis der Bauunternehmer. Bpz - Die Praxis Der Bauunternehmer, 2020-01-01","http://www.bpz-online.de/index.php/bpz/Baustelle-und-Baubuero/Baustelleneinrichtung/AVOLA-Maschinenfabrik-A.-Volkenborn-GmbH-Co.KG-AVOLA-Kreissaege-Variant-450","7 Schnittmöglichkeiten von Quer- oder Längsschnitten, Kappschnitten mit Schmiege und Gehrung (Schifterschnitte) bis hin zum verdeckten Schnitt (Kehlsparren) oder auch Gradsparren, die Variant 450 ist ein Allrounder auf der Baustelle oder in der Werkstatt."
"88","2018-05-28","internetbasiert","VW erwartet Engpässe in der Produktion - wegen neuen Abgastests. industriemagazin.at, 2018-05-28","https://industriemagazin.at/a/vw-erwartet-engpaesse-in-der-produktion-wegen-neuen-abgastests","Konzernchef Herbert Diess habe einen Fertigungsstopp für die betroffenen Autos Passat und Passat Variant mit Frontantrieb und Siebengang-DSG sowie das Modell Arteon verhängt, berichtet die ""Automobilwoche""."
"89","2020-03-02","internetbasiert","Alvi Baby Mäxchen Außensack Faces 991-6 Gr. 68/74 | Kinderhaus Blaubär. Alvi Baby Mäxchen Außensack Faces 991-6 Gr. 68/74, 2020-03-02","https://www.kinderhaus-blaubaer.de/kinderzimmer/schlafen-und-relaxen/schlafsaecke/alvi-baby-maexchen-aussensack-faces-991-6-gr-68-74_33969_51991","[...] { _tsRatingConfig = { tsid : 'X0C74C395F78C2D0663798C126CCFC286', element : '#ts_review_sticker', variant : 'testimonial', reviews : '5', betterThan : '3.0', richSnippets : 'on', backgroundColor : '#FFDC0F', linkColor : '#000000', quotationMarkColor : '#FFFFFF', fontFamily : 'Arial', reviewMinLength : '10' }; var scripts = document.getElementsByTagName('SCRIPT'), me = scripts[scripts.length - 1]; var _ts = document.createElement('SCRIPT'); _ts.type = 'text/javascript'; _ts.async = true; _ts.src = '//widgets.trustedshops.com/reviews/tsSticker/tsSticker.js'; me.parentNode.insertBefore(_ts, me); _tsRatingConfig.script = _ts; })(); [...]"
"90","2018-04-10","internetbasiert","Zahnfüllung: Welches Material ist für den Zahnersatz geeignet? (2023). Zahnarzt Dinkelsbühl, 2018-04-10","https://xn--zahnarzt-dinkelsbhl-mbc.de/zahnfuellung/","Füllungen variante auch mit sepa allergie kinder mit keramik mit."
"91","2018-11-20","internetbasiert","Umsetzung von Entwicklungsmethoden | PLATO GmbH. PLATO GmbH, 2018-11-20","https://www.plato.de/unternehmen/presseservice/pressearchiv/presse-detailansicht/umsetzung-von-entwicklungsmethoden-begeistert-teilnehmerkreis00/","“100% web-based Systems Engineering with Template and Variant Management – complexity simplified“ gehalten."
"92","2019-11-29","internetbasiert","Ausstellung. geschichten-die-fehlen.de, 2019-11-29","https://geschichten-die-fehlen.de/ausstellung","Zum Beispiel: Wofür steht ""Scona Variant""?"
"93","2020-12-31","internetbasiert","VW Passat Variant EU Neuwagen | Jütten und Koolen. Jütten und Koolen, 2020-12-31","https://www.juetten-koolen.de/fahrzeuge/eu-neuwagen/VW-Passat-Variant--Variante/1","Dieses Credo macht auch vor dem Passat Variant nicht halt."
"94","2020-01-01","internetbasiert","Brenderup Dreiseitenkipper TT5325-3500 180x325 3,5t|E-Pumpe. Koch Anhängerwerke, 2020-01-01","https://www.kochanhaengerwerke.de/kipper/3-seitenkipper/brenderup-dreiseitenkipper-tt5325-3500-180x325-3-5t-e-pumpe","Variant Heckkipper Variant 168x320cm 2,7t | E-Pumpe | Rampen | Aktion"
"95","2020-04-07","internetbasiert","SAP Commerce Cloud 2005 : Was gibt es Neues? - All for commerce. All for commerce, 2020-04-07","https://all-for-commerce.com/2020/04/07/sap-commerce-cloud-2005-was-gibt-es-neues/","SAP Variant Configuration und Pricing OCC APIs für die komplexe Variantenkonfiguration und Preisfindung."
"96","2020-01-01","internetbasiert","Elektrik. Mense Onlineshop | Zubehör und Ersatzteile, 2020-01-01","https://aktion.mense-shop.de/volkswagen/volkswagen-original-teile/elektrik/","1x Heckklappenschloss Passend für: VW Golf 5 & 6 Variant VI Baujahr 2007 - 2014 VW Golf Plus Baujahr 2005 - 2014 VW Tiguan Baujahr 2008 - 2016 Artikelnummer:..."
"97","2020-02-19","internetbasiert","Bauleitpläne im Verfahren. Stadt Norderstedt, 2020-02-19","https://www.norderstedt.de/Wirtschaft-und-Entwicklung/Stadtplanung-und-Bauen/Bebauungspläne-und-sonst-Satzungen/Bauleitpläne-im-Verfahren?La=1&NavID=1087.310","B313-Strukturskizze Variante 2"
"98","2020-01-01","internetbasiert","Variant Hochlader Anhänger P3 3018 Comfort|175x315cm 3,0t. Koch Anhängerwerke, 2020-01-01","https://www.kochanhaengerwerke.de/angebote/variant-hochlader-anhaenger-p3-3018-comfort-175x315cm-3-0t","Variant Hochlader Anhänger 3325 P6 | 245x615cm 3,5t | Tridem | Pro-Line"
"99","2019-04-15","internetbasiert","Galaxy Note 10 - mehrere Modell-Varianten werden wahrscheinlicher. Testberichte, News, Tablets & Smartphones, 2019-04-15","https://www.appdated.de/2019/04/galaxy-note-10-setzt-samsung-auf-verschiedene-versionen/","There’s a good possibility that a 4G LTE variant will be offered as well since 5G networks won’t be commonplace even by the end of this year."
"100","2018-05-31","internetbasiert","VW Golf Variant: Zuverlässigkeit und Erfolg seit 1993. Auto-Kombi, 2018-05-31","https://www.kombi.de/vw-golf-variant/","Danach erst die Kombi-Version (Variant)."
"101","2019-01-26","internetbasiert","Gefahr für den Golf - Bürstädter Zeitung. BÃ¼rstÃ¤dter Zeitung, 2019-01-26","https://www.buerstaedter-zeitung.de/ratgeber/auto-und-motorrad/autotests/hyundai/gefahr-fur-den-golf_19922481","Es ist noch gar nicht so lange her, da kaufte man sich den i30 Kombi von Hyundai, um im Vergleich zu heimischen Erzeugnissen wie dem VW Golf Variant ein paar Tausender zu sparen."
"102","2018-07-27","internetbasiert","IoT-Security steht erst am Anfang. 0800hardware.de, 2018-07-27","http://0800hardware.de/iot-security-steht-erst-am-anfang/","Small (45mm x 18mm), robust and powerful board; 3.3V variant of the Nano family."
"103","2020-04-07","internetbasiert","unterhaltskosten VW Golf Variant 1.5 TSI ACT BlueMotion. FINESTAUTOMOTIVE.com, 2020-04-07","https://www.finestautomotive.com/autos/vw-golf-variant-1-5-tsi-act-bluemotion/","Baujahr 2017 Typ Comfortline HSN-TSN 603-CBT Leistung (bhp@rpm) 130 @ 1400 Modell Golf Variant 1.5 TSI ACT BlueMotion Grundpreis EUR26100"
"104","2018-05-31","internetbasiert","VW Passat Variant: Den neuen Volkswagen bewundern. Auto-Kombi, 2018-05-31","https://www.kombi.de/vw-passat-variant/","Ein zweiter Erfolgsfaktor des VW Passat Variant heißt „Diesel“."
"105","2020-04-07","internetbasiert","unterhaltskosten VW Golf Variant 1.6 TDI BMT. FINESTAUTOMOTIVE.com, 2020-04-07","https://www.finestautomotive.com/autos/vw-golf-variant-1-6-tdi-bmt/","Baujahr 2017 Typ Trendline HSN-TSN 603-CBJ Leistung (bhp@rpm) 115 @ 1500 Modell Golf Variant 1.6 TDI BMT Grundpreis EUR24750"
"106","2018-05-31","internetbasiert","VW Passat Variant: Den neuen Volkswagen bewundern. Auto-Kombi, 2018-05-31","https://www.kombi.de/vw-passat-variant/","Mit über 70 Prozent Verkaufsanteil übertrifft der Variant inzwischen die Limousine beträchtlich."
"107","2020-01-01","internetbasiert","Pelhamgebisse. reitsportgeschaeft.de, 2020-01-01","https://reitsportgeschaeft.de/Pferde/Gebisse/Pelhamgebisse:::18_162_166.html","Die Flexi Variant der Inno Sense-Gebisslinie sind durch die Verwendunng eines Edelstahlkerns besonders strapazierfähig."
"108","2019-01-01","internetbasiert","Original Aluminium Felge VW | Top-Preis: 1.104,90 €. Top-Preis: 1.104,90 €, 2019-01-01","https://www.basenio.de/guenstig-kaufen/original-aluminium-felge-vw-57193/_golf-7/","[...] 85 KW, 115 PS VW Golf VII Variant 2016/11-2019/12 BA5 1.0 TSI 999 ccm, 81 KW, 110 PS VW Golf VII Variant 2015/01-2019/12 BA5 2.0 GTD 1968 ccm, 135 KW, 184 PS VW Golf VII Variant 2015/03-2019/12 BA5 2.0 R 4motion 1984 ccm, 206 KW, 280 PS VW Golf VII Variant 2015/03-2019/12 BA5 2.0 R 4motion 1984 ccm, 221 KW, 300 PS VW Golf VII Variant 2016/09-2019/12 BA5 2.0 R 360S 4motion 1984 ccm, 265 KW, 360 PS VW Golf VII Variant 2013/04-2019/12 BA5 2.0 TDI 1968 ccm, 110 KW, 150 PS VW Golf VII Variant 2013/05-2019/12 BA5 2.0 TDI 1968 ccm, 81 KW, 110 PS VW Golf VII Variant 2013/04-2019/12 BA5 2.0 TDI 4motion 1968 ccm, 110 KW, 150 PS VW Golf VII Variant 2013/05-2019/12 BA5, BV5 1.4 TSI 1395 ccm, 103 KW, 140 PS VW Golf VII Variant 2017/04-2019/12 BA5, BV5 1.5 TSI 1498 ccm, 110 KW, 150 PS VW Golf VII Variant 2017/01-2019/12 BA5, BV5 1.0 TSI 999 ccm [...]"
"109","2018-06-04","internetbasiert","tea sandwich mit gurke. Surfing The Kitchen, 2018-06-04","https://surfingthekitchen.wordpress.com/2018/06/04/tea-sandwich-mit-gurke/","[...] zu haben. wenn man in london ist, darf natürlich ein echter englischer afternoon tea nicht fehlen. die auswahl ist riiiesig, gibt es doch gefühlt an jeder ecke das angebot diese britische tradition zu zelebrieren (von klassisch über stylish bis hin zu themen wie willy wonka). gott sei dank gibt es aber genug websites und blogs die sich diesem thema verschrieben haben und wertvolle tipps geben. nach stundenlangem forschen hatte die qual der wahl mich zwischen einem schokoladigen oder traditionellen afternoon tea zu entscheiden. schlussendlich wurde es wieder erwarten nicht die schokoladige variante (die probiere ich vielleicht beim nächsten mal). die entscheidung war auf jeden fall gut – für mich war u.a. wichtig, dass das ambiente meinen vorstellungen entspricht. ich wurde auch mit einem klassischen, ganz leicht modern angehauchten, tea room belohnt – gemütliche sessel, schönes geschirr, alter bau des hotels (fotos findet ihr auf meinem instagram-account). für diejenigen die nicht so vertraut sind mit einem afternoon tea: den anfang machen fingersandwiches. klassischerweise gurkensandwiches, sandwiches mit ei, coronation chicken, lachs und schinken. [...]"
"110","2020-07-14","internetbasiert","BELLA CUCINA Premium Frühstücksbrettchen | Bambus-Holz Küchenbrett | Frühstücksbretter | Schnittfest (4 Brettchen(klein)). Deliberlin, 2020-07-14","https://deli-berlin.com/produkt/bella-cucina-premium-fruehstuecksbrettchen-bambus-holz-kuechenbrett-fruehstuecksbretter-schnittfest-4-brettchenklein/","1. Variante 3er Set: Größen 19x14x0.8cm | 22x29x0.8cm | 37x28x0.8cm"
"111","2020-05-01","internetbasiert","D 3 C R Y P T 4 G E. crauss.de, 2020-05-01","https://crauss.de/d-3-c-r-y-p-t-4-g-e/","Alistair Noon hat wegen seiner zweisprachigkeit schon mit den problemen der kommunikation zu tun. er trägt texte auf englisch vor und stellt uns historische landvermessungsrätsel in deutscher übersetzung. fassung, version, sprachliche variante:"
"112","2020-05-25","internetbasiert","Alles von HYDRA COMICS. Alles von HYDRA COMICS - Hydra Comics, 2020-05-25","https://hydra-comics.de/hydra-kram/","Nr. 2 bis 100: Signatur von Wolf PMS – Kunst, Comic und die seltene Signatur eines talentierten Künstlers Nr. 101 bis 200: Nummeriertes Variant Cover – Kunst, Comic und Gutes tun"
"113","2019-06-28","internetbasiert","Innovationen eine Bühne geben – Catharina van Delden über die OSRAM IoT Awards. 0800hardware.de, 2019-06-28","http://0800hardware.de/innovationen-eine-buehne-geben-catharina-van-delden-ueber-die-osram-iot-awards/","Small (45mm x 18mm), robust and powerful board; 3.3V variant of the Nano family."
"114","2018-05-07","internetbasiert","Nokia kauft IoT-Software und Data Science Startup SpaceTime Insight. 0800hardware.de, 2018-05-07","http://0800hardware.de/nokia-kauft-iot-software-und-data-science-startup-spacetime-insight/","The ease of use of a Nano board with the addition of secure IoT and BT connectivity Small (45mm x 18mm), robust and powerful board; 3.3V variant of the Nano family."
"115","2018-05-18","internetbasiert","Wirecard launcht IoT-Retail-Showcase mit biometrischer Gesichtserkennung. 0800hardware.de, 2018-05-18","http://0800hardware.de/wirecard-launcht-iot-retail-showcase-mit-biometrischer-gesichtserkennung/","The ease of use of a Nano board with the addition of secure IoT and BT connectivity Small (45mm x 18mm), robust and powerful board; 3.3V variant of the Nano family."
"116","2018-05-31","internetbasiert","VW Golf Variant: Zuverlässigkeit und Erfolg seit 1993. Auto-Kombi, 2018-05-31","https://www.kombi.de/vw-golf-variant/","Auch die gute Federung beim Golf Variant konnte bei allen Tests überzeugen."
"117","2020-03-02","internetbasiert","Alvi Baby Mäxchen Außensack olifant | Kinderhaus Blaubär. kinderhaus-blaubaer.de, 2020-03-02","https://www.kinderhaus-blaubaer.de/alvi-baby-maexchen-aussensack-olifant_34437_54589","[...] { _tsRatingConfig = { tsid : 'X0C74C395F78C2D0663798C126CCFC286', element : '#ts_review_sticker', variant : 'testimonial', reviews : '5', betterThan : '3.0', richSnippets : 'on', backgroundColor : '#FFDC0F', linkColor : '#000000', quotationMarkColor : '#FFFFFF', fontFamily : 'Arial', reviewMinLength : '10' }; var scripts = document.getElementsByTagName('SCRIPT'), me = scripts[scripts.length - 1]; var _ts = document.createElement('SCRIPT'); _ts.type = 'text/javascript'; _ts.async = true; _ts.src = '//widgets.trustedshops.com/reviews/tsSticker/tsSticker.js'; me.parentNode.insertBefore(_ts, me); _tsRatingConfig.script = _ts; })(); [...]"
"118","2020-07-22","internetbasiert","Volkswagen-Chef Diess: ID.3 ""Auftakt für die Elektro-Aufholjagd zu Tesla"". ecomento.de, 2020-07-22","https://ecomento.de/2020/07/22/vw-chef-id3-auftakt-fuer-elektro-aufholjagd-zu-tesla/","Empfehle, sich genauer mit den technischen daten der verschiedenen ID.3 varianten zu beschäftigen."
"119","2020-08-03","internetbasiert","Labornetzteil 24V 10A Ersatzteilversand. forum.electronicwerkstatt.de, 2020-08-03","https://forum.electronicwerkstatt.de/phpBB/Projekte_im_Selbstbau/labornetzteil_24v_10a-t106481f34_bs0.html","Zitat : A-Schroeder hat am 12 Jul 2010 08:35 geschrieben : B3370V (DDR variante vom Lm317) aufzubauen?"
"120","2019-11-28","internetbasiert","Volkswagen Golf Variant MFH Mehrmarken Fahrzeughandel - Neuwagenvermittlung-24. Osna-Autos, 2019-11-28","https://www.mfh-autos.de/liste-volkswagen-golf-variant-a__46671_alle.php","Volkswagen Golf Variant 8 Life 2,0 TDI 85KW 2023 ACC Winter Bestellung ab Werk"
"121","2020-01-01","internetbasiert","Barkas B1000 Gebläsemotor. Autoteile-Rathenow Autoteile-Premnitz Ersatzteile Neuteile - Automarkt in Rathenow - Premnitz, 2020-01-01","https://www.autoteile-rathenow.de/barkas-b1000-geblaesemotor.html","[...] Kundengruppe: Gast Registrieren Anmelden TOP Produkte BARKAS B1000 - Aschenbecher TOP Produkte Audi A4 Bremssattel ATE vorn rechts Faustsattel komplett TOP Produkte Zentralsteuergerät 7M396225888 VW Sharan Seat Alhambra Ford Galaxy S120042300F TOP Produkte Toyota Yaris I Bremskraftverstärker 47207-47202 TOP Produkte ABE VW Polo Alufelge Motorsport KBA47656 TOP Produkte Renault Twingo I Fensterheber elektrisch links mit Motor 7700830596 TOP Produkte ABE ASA AR1 18 Zoll AR1-8018 Opel TOP Produkte VW Golf III Variant Fahrertür weiss Farbcode LB9A TOP Produkte original NISSAN Navara D40 Schmutzfänger 63851 63850 77810 77811 TOP Produkte Audi Kupplungszylinder 893721261A TOP Produkte Mercedes W203 Hinten Sitz Entriegeln Hebel Leiste A2039191720 TOP Produkte Schalthebel Schaltbock Audi A4 B6 8E Bj.2000-2004 8E1713111J307 Automatik Kategorien NEUTEILE (25) GEBRAUCHTTEILE (291) AUDI - Teilekatalog (20) ALFA ROMEO - Teilekatalog BARKAS B1000 - Teilekatalog (49) [...]"
"122","2020-06-09","internetbasiert","Chilobrachys dyscolus (G5) - Vogelspinnen.shop aktualisiert 02.06.23. Vogelspinnen.shop aktualisiert 02.06.23, 2020-06-09","https://www.vogelspinnen.shop/shop/chilobrachys-dyscolus-g5/","Chilobrachys dyscolus blaue Variante"
"123","2018-05-08","internetbasiert","VW 1600 Variant Typ 3 1973 | Automobile Lopp in Mühlhausen. Copyright 2020 www.audaris.de, 2018-05-08","https://www.automobile-lopp.de/blog/167/vw-1600-variant-typ-3-1973/","Der Erstkäufer konnte krankheitsbedingt das Auto nicht abholen, das Autohaus lieferte ihm den Variant wenige Tage später mit Kilometerstand 15 in die Garage."
"124","2019-02-08","internetbasiert","VW Passat 2019: Preise, technische Daten & Verkaufsstart. carwow.de, 2019-02-08","https://www.carwow.de/volkswagen/passat/auto-news/329/volkswagen-passat-2019-preise-technische-daten-und-verkaufsstart","Wenn Sie nicht mehr warten möchten, bis die neueste Generation auf den Markt kommt, können Sie schon jetzt aktuelle VW Passat Angebote , VW Passat Variant Angebote oder VW Passat Alltrack Angebote vergleichen."
"125","2020-01-01","internetbasiert","Verbesserung und Grundlehre der Skitechnik. skischule.co.at, 2020-01-01","https://www.skischule.co.at/de/outdoor-sports/csa-technik-spezial.html","VARIANTEN FAHREN IN STEILHÄNGEN"
"126","2020-04-12","internetbasiert","3Steps Charity-Art-Editions Oster-Aktion zum Kampf gegen Covid-19 und die Folgen der Corona-Krise.. 3Steps Charity-Art-Editions Oster-Aktion zum Kampf gegen Covid-19 und die Folgen der Corona-Krise., 2020-04-12","https://3steps.de/3steps-oster-aktion-zum-kampf-gegen-corona-und-folgen-der-corona-krise/","CLASSIC, variierte Edition von 39 YELLOW VARIANT, variierte Edition von 13 BLUE ORIGINALS, variierte Edition von 3"
"127","2018-06-28","internetbasiert","Youtuber Fahr doch: VW Golf R Variant mit R-Performance Paket | DRIVE & TALK | Fahr doch. Ausfahrt.tv, 2018-06-28","https://ausfahrt.tv/youtuber-fahr-doch-vw-golf-r-variant-mit-r-performance-paket-drive-talk-fahr-doch/","Heute gibt es das zweite Video zum neuen VW Golf R Variant und zwar als netten Drive & Talk mit dem Fahr doch Tech-Experten und GOLF-Liebhaber Dion!"
"128","2019-11-20","internetbasiert","VW bringt Elektro-Shooting-Brake ID. SPACE VIZZION 2021 als Serienfahrzeug. ecomento.de, 2019-11-20","https://ecomento.de/2019/11/20/vw-id-space-vizzion-elektroauto-geht-2021-in-serie/","Wäre schön, wenn jetzt noch ein Golf Variant Äquivalent käme (ID 3 etwas länger ca. 4,35)."
"129","2020-01-01","internetbasiert","Einspritzdüsen Kit 4-Zylinder - 4 Stück. Bus-Scheune.de, Ersatzteile fuer VW Bus T3 VW Bus T4 guenstig kaufen., 2020-01-01","https://www.bus-scheune.de/weitere-VW-Classic-Modelle/Golf-1/Motor/Einspritzduesen-Kit-4-Zylinder-4-Stueck::49396.html","[...] Modell Motor Jahr AUDI 100 2.0 D TD 08/82-02/88 AUDI 100 Avant 2.0 D TD 03/83-11/90 AUDI 80 1.6 D TD 08/80-08/86 VOLVO 740 2.4 TD 09/85-07/92 VOLVO 760 2.4 TD 04/87-07/92 VW CADDY I 1.6 D 08/82-07/92 VW GOLF I 1.6 D TD 08/80-07/83 VW GOLF II 1.6 D TD 08/83-10/91 VW JETTA I 1.6 D TD 08/80-02/84 VW JETTA II 1.6 D TD 01/84-10/91 VW LT 28 I 2.4 D TD 12/78-09/93 VW LT 40-55 I 2.4 D TD 12/78-09/93 VW PASSAT 1.6 D TD 08/80-03/88 VW PASSAT Variant 1.6 D TD 08/80-03/88 VW Bus T3 1.6 1.7 D TD 08/79-07/92 VW Bus T4 1.9 2.4 D TD 07/90-04/03 [...]"
"130","2018-05-31","internetbasiert","VW Passat Variant: Den neuen Volkswagen bewundern. Auto-Kombi, 2018-05-31","https://www.kombi.de/vw-passat-variant/","Der Name Passat bezieht sich auf die Passatwinde, während Variant für die Praktikabilität des Kombis steht."
"131","2018-07-27","internetbasiert","Waffen, Werte, Watschenmann. Wordpressdotcom, 2018-07-27","https://peschka.at/2018/07/27/waffen-werte-watschenmann/","blog/texte andere seiten prosabruch kalser seelenwanderung bohumil und barnabas die frau des schneckenkönigs sterntaler hedwig in der nische donauwalzer (varianten) personal favorite oe1.orf.at texte für oe1.orf.at johnny be good alte texte bild/text/ton mit michael hedwig mit oskar stocker mit rudolf jungwirth mit ella raidel bilder bücher watschenmann fannipold autolyse wien publikationsliste termine ein paar rezensionen rezensionen tddl 2017 über mich impressum Waffen, Werte, Watschenmann 27/07/2018 Von Frau Arnautovic entdeckt, fotografiert und mir geschickt: Danke, Ljuba!"
"132","2018-05-31","internetbasiert","VW Golf Variant: Zuverlässigkeit und Erfolg seit 1993. Auto-Kombi, 2018-05-31","https://www.kombi.de/vw-golf-variant/","Die Prognosen für den Golf Variant bei Volkswagen: VW-Fans, die über die Anschaffung eines Kombis nachdenken, sollten sich möglicherweise noch etwas gedulden."
"133","2020-06-04","internetbasiert","Streamingdienst DAZN - Bewertung und Erfahrung - www.streaminggeraete.de. www.streaminggeraete.de, 2020-06-04","https://www.streaminggeraete.de/streamingdienst-dazn-bewertung-und-erfahrung.html","Zum Anderen gibt es die Abo variante Jahresabo zum Preis von 119,99 Euro pro Jahr"
"134","2018-01-16","internetbasiert","Meltdown und Spectre: Prozessorlücke trifft nicht nur Intel - PSW GROUP Blog. PSW GROUP GmbH & Co. KG, 2018-01-16","https://www.psw-group.de/blog/meltdown-und-spectre-prozessorluecke-trifft-nicht-nur-intel/4840","Der CPU-Hersteller erklärt, dass eigene Prozessoren nach bisherigen Untersuchungen nur in einem Fall nach den in Googles Project Zero beschriebenen Angriffsvarianten betroffen wären (Variant One, Bounds Check Bypass)."
"135","2020-01-01","internetbasiert","ZEITUNGSROLLE WEISS. radius-design.com, 2020-01-01","https://www.radius-design.com/zeitungsrolle-weiss.html","so schön kann alltägliches sein. anstatt morgens mit einer durchnässten zeitung aufzuwachen, ist die ZEITUNGSROLLE von RADIUS die elegante möglichkeit, ihre morgenzeitung vor wind und wetter zu schützen. die zeitungsrolle ist die passende variante für den LETTERMAN 1 und 4. die zeitungsrolle wird mit einem entsprechenden befestigungsset (baujahr: 2013) ausgeliefert. bitte kontrollieren sie ihr briefkastenmodell, ob es die gekennzeichneten befestigungslöcher besitzt."
"136","2018-01-08","internetbasiert","meltdown und spectre: auch xbox360 und ps3 verwundbar. gizmeo.eu | inside the machine, 2018-01-08","https://gizmeo.eu/meltdown-und-spectre-auch-xbox360-und-ps3-verwundbar/","CVE-2017-5753 [bounds check bypass] aka 'Spectre Variant 1' * Kernel compiled with LFENCE opcode inserted at the proper places:"
"137","2019-11-08","internetbasiert","ID. Space Vizzion: VW zeigt einen Elektro-Kombi - electrive.net. electrive.net, 2019-11-08","https://www.electrive.net/2019/11/08/id-space-vizzion-vw-zeigt-einen-elektro-kombi/","Die jetzt veröffentlichten Renderings zeigen eine mächtige Front, die geschwungenen Seitenlinien enden in einem Kombi-artigen Heck – nicht so kantig und auf maximales Ladevolumen ausgelegt wie ein Passat Variant, die Heckscheibe steht leicht schräg, vergleichbar mit einem BMW 5er Touring."
"138","2019-12-12","internetbasiert","Challenge #10 - Reminder 1. dayofthemonthcardclub.blogspot.com, 2019-12-12","https://dayofthemonthcardclub.blogspot.com/2019/12/challenge-10-reminder-1.html","There I also show you another variant."
"139","2020-12-03","internetbasiert","Trumps Rede zur US-Wahl 2020: Erschlagende Beweisfülle für den größten Wahlbetrug der Geschichte - Michael Mannheimer Blog. Michael Mannheimer Blog, 2020-12-03","https://michael-mannheimer.net/2020/12/03/trump-am-02-12-20-zum-groessten-wahlbetrug-der-geschichte-dies-ist-vielleicht-die-wichtigste-rede-die-ich-je-gehalten-habe/","In der Annahme diese variante fällt nicht auf….. erbärmlicher gehts nimmer."
"140","2018-11-18","internetbasiert","gartenbücher: superbistorta, wonder sanguisorba, spider-helianthus & die anderen. Theorie Der Gartenkunst, 2018-11-18","https://theoriedergartenkunst.wordpress.com/2018/11/18/gartenbuecher-superbistorta-wonder-sanguisorba-spider-helianthus-die-anderen/","kein ratgeber, der nach dem durchblättern im regal verschwindet. die kurzen pflanzenporträts zu den kapiteln über die standorte im garten sind etwas für den handapparat der eigenen gartenbibliothek. gerade bei der planung für das nächste gartenjahr und die damit verbundenen besuche auf den websites (oder ab dem frühjahr wieder die analoge variante) der gärtnereien, äusserst hilfreich. ein genauer blick auf das grundstück und dann erstmal in „und es wächt doch!“ blättern, bevor das dem tode geweihte blümchen im warenkorb landet …"
"141","2018-02-06","internetbasiert","Test Rauchmelder - welcher versagt & wo die Rauchmelderpflicht gilt - Gedankenkammer.de. Gedankenkammer.de, 2018-02-06","https://www.gedankenkammer.de/2018/02/06/test-rauchmelder-welcher-versagt-wo-die-rauchmelderpflicht-gilt/","• Abus RWM450 • Ei Electronics Ei650W mit Funkmodul Ei650M • Fireangel ST-630-DET mit W2-Funkmodul • Merten Argus MEG5480-1119 • Pyrexx PX-1C Variante: V3-Q"
"142","2018-07-16","internetbasiert","FileLogger - Dateisynchronisation. Statusmeldungen im Systray, 2018-07-16","http://www.filelogger.de/Programmfunktionen/Statusmeldungen_im_Systray.htm","2. Variant, wenn Timer aktiv ist"
"143","2020-12-23","internetbasiert","The High Republic #3 (Kev Walker Variant Cover) – Jedi-Bibliothek. Jedi-Bibliothek, 2020-12-23","https://jedi-bibliothek.de/datenbank/variante/the-high-republic-3-kev-walker-variantcover/","The High Republic #3 (Kev Walker Variant Cover) Variante • Comic"
"144","2020-08-03","internetbasiert","Dreiseitenkipper Anhänger. PKW-Anhänger kaufen bei P+P Anhängercenter | Wohnmobil Vermietung & Anhängervermietung, 2020-08-03","https://www.ppanhaengercenter.com/dreiseitenkipper.html","Variant 3519 TB | 361x185cm - 3,5t | Dreiseitenkipper Anhänger - Blattfederung mit Stahlgitteraufsatz"
"145","2018-06-01","internetbasiert","Fertighaus Variant 25-183 | HANSE HAUS. Hanse Haus, 2018-06-01","https://www.hanse-haus.ch/de/architektur/haeuser/haus/variant-25-183/","Ob als durchgestyltes Stadthaus mit Villencharakter oder als moderne Interpretation der oberbayerischen Landhausarchitektur – einem Variant 25-183 können Sie genau den Stil geben, der Ihnen gefällt."
"146","2020-08-03","internetbasiert","Variant 3519 TB | 361 x 185 cm - 3,5t | Dreiseitenkipper Anhänger - Blattfederung. PKW-Anhänger kaufen bei P+P Anhängercenter | Wohnmobil Vermietung & Anhängervermietung, 2020-08-03","http://www.ppanhaengercenter.com/store/p109/variant-3519TB-360x185-3.5t-dreiseitenkipper-blattfederung-anhaenger.html","Variant Dreiseitenkipper"
"147","2019-07-24","internetbasiert","Software AG Received Highest Use Case Scores by Gartner in the Critical Capabilities for Industrial IoT Platforms Report. 0800hardware.de, 2019-07-24","http://0800hardware.de/software-ag-received-highest-use-case-scores-by-gartner-in-the-critical-capabilities-for-industrial-iot-platforms-report/","The ease of use of a Nano board with the addition of secure IoT and BT connectivity Small (45mm x 18mm), robust and powerful board; 3.3V variant of the Nano family."
"148","2018-10-26","internetbasiert","Suche. tksoft-online.de, 2018-10-26","http://www.tksoft-online.de/index.php/ms-access/codes/codeschnipsel-datum-zeit/129-letzter-tag-des-quartals","'******************************************* Dim wrkDate As Variant Dim intQtr As Integer Dim intMonth As Integer Dim intYear As Integer intYear = Year(dateDatum) intQtr = Int((Month(dateDatum) -"
"149","2018-07-29","internetbasiert","Zahn reissen statt Wurzelbehandlung - Denta Beaute. Denta Beaute Zahnarzt Wien, 2018-07-29","https://www.denta-beaute.com/zahnforum/fragen/zahn-reissen-statt-wurzelbehandlung/","die ex ist eine therapieoption und kann gemacht werden, wenn sie über alle varianten gut aufgeklärt wurden und sie wünschen dann eine davon, eben die ex, kann man das machen …"
"150","2018-11-22","internetbasiert","Sono Motors muss deutlich höheren Batteriepreis verlangen. ecomento.de, 2018-11-22","https://ecomento.de/2018/11/22/elektroauto-sono-sion-batterie-wird-deutlich-teurer/","Tesla kann derzeit nur das M3 midrange liefern, dass rd. 10.000 € mehr als die güstigste variante lowrange kosten soll."
"151","2018-05-31","internetbasiert","Erfrischender Grapefruit-Holunderblüten Drink. Kreavida - Food, Lifestyle, DIY, 2018-05-31","https://kreavida.de/erfrischender-grapefruit-holunderblueten-drink/","Die Zubereitung des Sekt-Cocktails funktioniert genau so wie die alkoholfreie variante, nur dass ihr eben mit Sekt oder Prosecco anstatt mit Tonic oder Wasser auffüllt."
"152","2018-05-24","internetbasiert","Das große Finale: Mit Heft #3 beim Comic Salon Erlangen. Liga deutscher Helden, 2018-05-24","http://ligadeutscherhelden.de/wir-praesentieren-heft-3-beim-comic-salon-erlangen/","Drei Variant Cover für LDH Heft #3"
"153","2018-05-31","internetbasiert","VW Golf Variant: Zuverlässigkeit und Erfolg seit 1993. Auto-Kombi, 2018-05-31","https://www.kombi.de/vw-golf-variant/","Im Prinzip orientiert sich der VW Golf Variant 7 von der Ladekapazität her am Passat und von den Fahreigenschaften am normalen Golf."
"154","2020-01-01","internetbasiert","Modulgerüst kaufen | Günstig + sicher bei Geruest.com. Cetrac Gmbh - Gerüste & Schalungen, 2020-01-01","https://www.geruest.com/modulgeruest/","Das Modulgerüst von Plettac Contur oder Rux Variant überzeugt durch seine Vielseitigkeit."
"155","2018-01-01","internetbasiert","Bastuck Edelstahl Ø70mm Downpipe mit Kat VW Golf 7 1.2l + 1.4l TSI. Dein-Sportauspuff.de, 2018-01-01","https://dein-sportauspuff.de/bastuck-edelstahl-70mm-downpipe-mit-kat-vw-golf-7-1-2l-plus-1-4l-tsi.html","[...] ccm³ 92 kW / 125 PS VW Golf 7 Sportsvan 1.4 TSI / 1395 ccm³ 110 kW / 150 PS VW Golf 7 Variant 1.2 TSI / 1197 ccm³ 63 kW / 86 PS VW Golf 7 Variant 1.2 TSI / 1197 ccm³ 77 kW / 105 PS VW Golf 7 Variant 1.2 TSI / 1197 ccm³ 81 kW / 110 PS VW Golf 7 Variant 1.4 TSI / 1395 ccm³ 90 kW / 122 PS VW Golf 7 Variant 1.4 TSI / 1395 ccm³ 92 kW / 125 PS VW Golf 7 Variant 1.4 TSI / 1395 ccm³ 103 kW / 140 PS VW Golf 7 Variant 1.4 TSI / 1395 ccm³ 110 kW / 150 PS [...]"
"156","2018-01-01","internetbasiert","Footer Menu. lackierer-scherneck.de, 2018-01-01","https://lackierer-scherneck.de/referenzen/","1950 Hubraum: 10.000 ccm PS: 55 Baujahr: 1950 Share This VW Bora Variant Automobil view detail Project Information Project name: VW Bora Variant Category:"
"157","2020-01-01","internetbasiert","overload schamane - Hearthstone Deck-Guide. HearthstoneHeroes.de, 2020-01-01","https://www.hearthstoneheroes.de/decks/overload-schamane-2/","variante des overload schamane zum testen"
"158","2020-01-01","internetbasiert","21-650. isover.ch, 2020-01-01","https://www.isover.ch/de/solutions/21-650","Description Unité 1 Unité 2 Variant 1 Variant 2 Variant 3 Variant 4 Variant 5 Variant 6 Kassettenbreite b [mm] 500 600 600 Kassettentiefe t [mm] 160 140 160 ISOLENE P 032 d [mm] 20 20 20 CLADISOL 032 d [mm] 80 60 80 CLADISOL 032 d [mm] 140 140 140 Wärmeschutz im Winter und Sommer ** ** ** Wärmedurchgangskoeffizient:"
"159","2019-04-05","internetbasiert","leitzachmühle – achtung oberlandbrot verpackungsdesign backbox. Nixdesign | Grafik Design, Illustration, Fotografie, Druckdienstleistung In Au Bei Bad Aibling, 2019-04-05","https://www.nixdesign.de/leitzachmuehle-achtung-oberlandbrot-verpackungsdesign-backbox/","achtung haben für die wirklich wichtigen dinge des täglichen lebens: brot und gewürze. diese box ermöglicht handwerkliches backen mit allen sinnen. sie enthält alle zutaten und ein liebevoll erstelltes und detailreiches rezept zum backen verschiedener varianten eines oberlandbrotes. dazu gibt´s erklärungen zu korn und gewürzen und ihre wertvollen ernährungsbestandteile."
"160","2020-05-14","internetbasiert","Frei hma vpn – Nordvpn | Wie verwenden Sie es?. Bester VPN-Vergleicher, 2020-05-14","http://minecraftopia.de/frei-hma-vpn-nordvpn-wie-verwenden-sie-es/","Focus, spiegel, pro donate apk bietet auch sehr einfach auf unsere leser zusammen zu allen wichtigen aspekte der nutzer können nicht als installationshilfe für verwendete nordvpn-Ports alle kommerziellen varianten, normal zu finden."
"161","2020-05-05","internetbasiert","Angeber BK - Stiefmutterblog - Das Online Magazin für Patchwork und zweite Familien. Stiefmutterblog - Das Online Magazin für Patchwork und zweite Familien, 2020-05-05","https://stiefmutterblog.com/forums/Thema/angeber-bk/","Ich fand das sooooo blöd, denn ich wollte einfach nur wie die andere Kinder sein. die anderen hatte die angesagte Puppe in Blond, meine extravagante Mutter, musste ihrer ach so besonderen Tochter die Puppe als dunkelhäutige variante kaufen."
"162","2020-01-01","internetbasiert","Elektrik. Mense Onlineshop | Zubehör und Ersatzteile, 2020-01-01","https://aktion.mense-shop.de/volkswagen/volkswagen-original-teile/elektrik/","Golf 7 Facelift ab Baujahr 03/2017 nur für Limousine, nicht Variant nur für Fahrzeuge..."
"163","2019-06-29","internetbasiert","Der neue Passat: vernetzt, elektrisch, automatisiert. AutoMotorTest.de, 2019-06-29","https://automotortest.de/index.php/2019/06/29/der-neue-passat-vernetzt-elektrisch-automatisiert/","Bei 35720 Euro beginnt die Preisliste des viertürigen Stufenheckmodells, der traditionsgemäß Variant genannte Kombi startet bei 35825 Euro."
"164","2020-10-05","internetbasiert","Bodenarbeitsseil Dünn - Prices from 51.60 to 58.75. Bataliru, 2020-10-05","https://bataliru.de/products/bodenarbeitsseil-dunn-prices-from-51-60-to-58-75","[...] Variant for price 54.2 Variant for price 54.55 Variant for price 54.65 Variant for price 54.75 Variant for price 55.15 Variant for price 55.25 Variant for price 55.6 Variant for price 55.7 Variant for price 56.2 Variant for price 56.65 Variant for price 56.75 Variant for price 57.25 Variant for price 57.7 Variant for price 58.75 Variant for price 51.6 Variant for price 52 Variant for price 52.1 Variant for price 52.2 Variant for price 52.45 Variant for price 52.55 Variant for price 52.65 Variant for price 53.05 Variant for price 53.15 Variant for price 53.25 Variant for price 53.5 Variant for price 53.6 Variant for price 53.7 Variant for price 54.1 Variant for price 54.2 Variant for price 54.55 Variant for price 54.65 Variant for price 54.75 Variant for price 55.15 Variant for price 55.25 Variant for price 55.6 Variant for price 55.7 Variant for price 56.2 Variant for price 56.65 Variant for price 56.75 Variant for price 57.25 Variant for price 57.7 Variant for price 58.75 In den Einkaufswagen legen Teilen Auf Facebook teilen Twittern Auf Twitter twittern Pinnen Auf Pinterest pinnen Teilen Auf Facebook teilen Twittern Auf Twitter twittern Pinnen Auf Pinterest pinnen [...]"
"165","2019-09-25","internetbasiert","Smart Variant CON - CADBAS GmbH. CADBAS GmbH, 2019-09-25","https://www.cadbas.de/smart-variant-con/","Die Smart Variant CON ist das größte Jahrestreffen der deutschsprachigen Community im Variantenmanagement."
"166","2020-03-22","internetbasiert","Musterfeststellungsklage: Was tun, wenn es bei VW-Vergleichen zu Problemen kommt? / Kanzlei Dr. Stoll & Sauer bietet Servicepaket online an | Dr. Stoll & Sauer - VW Schadensersatz. Musterfeststellungsklage: Was tun, wenn es bei VW-Vergleichen zu Problem...","https://www.vw-schaden.de/aktuelles/musterfeststellungsklage-was-tun-wenn-es-bei-vw-vergleichen-zu-problemen-kommt-kanzlei-dr","Landgericht Stuttgart: Ein VW-Autohaus und VW müssen einem Verbraucher 25 Prozent des Kaufpreises für einen VW Passat Variant 2,0 TDI Blue Motion (Az. 18 O 416/17)."
"167","2019-03-15","internetbasiert","Tesla enthüllt Kompakt-SUV Model Y: Bis zu 540 km Reichweite, Standardversion ab 2022. ecomento.de, 2019-03-15","https://ecomento.de/2019/03/15/tesla-model-y-reichweite-preis-start/","Eben weil die bestellungen für die teuren M3 varianten fehlen wird das SR zur bestellung freigegeben – das hat aber viel weniger spanne für die gemeinkosten auf aufwendungen – also wieder verlustquartale."
"168","2020-01-01","internetbasiert","Lambdasonde. BERU Zündungsteile | BERU – Ihr Experte für Zündungstechnik, 2020-01-01","https://www.beruparts.de/find-my-part/9738031/beru-by-driv/exhaust-systems/lambdasonde/ozh184.pd.html","Passend für: {{make}} {{variant}} {{engine_display}} Passend für: Achse {{axle_code}} Passend für: Motor {{fitsEngineDisplay}}"
"169","2018-01-01","internetbasiert","FOXG1 syndrome: genotype-phenotype association in 83 patients with FOXG1 variants.. CeGaT GmbH, 2018-01-01","https://cegat.com/foxg1-syndrome-genotype-phenotype-association-in-83-patients-with-foxg1-variants/","We grouped patients according to type and location of the variant."
"170","2020-07-12","internetbasiert","Bildergalerie. abenteuerdachzelt.de, 2020-07-12","https://abenteuerdachzelt.de/bildergalerie/","Airpass 160 auf Anhäger montiert Defender mit Airpass Airpass MX Long Inter Trade Nimis Variant XL Variant MX Long Variant L Variant MX Long Variant MX Long Variant MX Long Variant MX Long Variant MX Long Variant XL Variant XL Variant XL Variant XL , da würde auch noch ein viertes Kind reinpassen BMW 7er mit Varinat XL BMW 7er mit Varinat XL BMW 7er mit Varinat XL BMW 7er mit Varinat XL"
"171","2020-03-02","internetbasiert","Alvi Mull-Schlafsack TOP | Kinderhaus Blaubär. kinderhaus-blaubaer.de, 2020-03-02","https://www.kinderhaus-blaubaer.de/kinderzimmer/schlafen-und-relaxen/schlafsaecke/alvi-mull-schlafsack-top_34169_56029","[...] { _tsRatingConfig = { tsid : 'X0C74C395F78C2D0663798C126CCFC286', element : '#ts_review_sticker', variant : 'testimonial', reviews : '5', betterThan : '3.0', richSnippets : 'on', backgroundColor : '#FFDC0F', linkColor : '#000000', quotationMarkColor : '#FFFFFF', fontFamily : 'Arial', reviewMinLength : '10' }; var scripts = document.getElementsByTagName('SCRIPT'), me = scripts[scripts.length - 1]; var _ts = document.createElement('SCRIPT'); _ts.type = 'text/javascript'; _ts.async = true; _ts.src = '//widgets.trustedshops.com/reviews/tsSticker/tsSticker.js'; me.parentNode.insertBefore(_ts, me); _tsRatingConfig.script = _ts; })(); [...]"
"172","2018-10-18","internetbasiert","VW startet Diesel-Umtauschprogramm. ecomento.de, 2018-10-18","https://ecomento.de/2018/10/18/vw-startet-diesel-umtauschprogramm/","Die Prämienhöhe für Jahreswagen beträgt für die Modelle Golf, e-Golf, Golf Sportsvan, Golf Variant, Touran, Passat Limousine und Passat Variant 75 Prozent, für die übrigen Modelle 50 Prozent der jeweiligen Wechselprämie für Neuwagen."
"173","2018-01-01","internetbasiert","Suspension Front Vorderachse. Iso Rivolta Club Deutschland, 2018-01-01","http://www.isorivoltaclub.de/suspension-fahrwerk/suspension-front-vorderachse/","Therefore, please select the appropriate variant."
"174","2018-01-18","internetbasiert","Intel kämpft mit schwerer Sicherheitslücke (Update: Intel veröffentlicht Server-Benchmarks) - Hardwareluxx. Hardwareluxx Media GmbH, 2018-01-18","https://www.hardwareluxx.de/index.php/news/hardware/prozessoren/45319-intel-kaempft-mit-schwerer-sicherheitsluecke-im-prozessor-design.html","Variant 1 (CVE-2017-5753):"
"175","2019-03-14","internetbasiert","Das Rollo von innen kann mehr- Schallschutz, Hitzeschutz, Sichtschutz.... Plisy.de, 2019-03-14","https://plisy.de/das-rollo","SOLARMATIC®´-Klassikrollos gehören zu den Basis- varianten der hochwertigen Rollotechnik."
"176","2020-01-01","internetbasiert","Matador MPS 400 Variant All Weather 2 205/75 R16 11 R. Autoreifenfinder, 2020-01-01","https://www.autoreifenfinder.ch/matador/mps-400-variant-all-weather-2/205-75-r16-11r-130984/","Matador MPS 400 Variant All Weather 2 205/75 R16 11 R"
"177","2020-01-01","internetbasiert","Hurricane 3,5"" Abgasanlage für Golf 7,5 R Variant 310PS FL V2. Hurricane Exhaust, 2020-01-01","https://hurricane-exhaust.de/Hurricane-3-5-Abgasanlage-fuer-Golf-7-5-R-Variant-310PS-FL-V2/HE10115.67","Produktinformationen ""Hurricane 3,5"" Abgasanlage für Golf 7,5 R Variant 310PS FL V2"""
"178","2020-05-21","internetbasiert","Asus-Router für nordvpn – Nordvpn : Rabatt-Code. Bester VPN-Vergleicher, 2020-05-21","http://minecraftopia.de/asus-router-fur-nordvpn-nordvpn-rabatt-code/","Die britische ermittlungsmachtgesetz, die sicherheitseinstellungen ihres verkehrs verschlüsselt deinen benutzernamen und komfortablen varianten, doch warten möchte, muss netflix und starker internetnutzer an vpn-servern dabei für die infrastrucktur weiter und mozilla firefox und ganzen absolut positiv finden sie nicht wie stallman, sodass keine lecks."
"179","2019-06-24","internetbasiert","FS237 Nicht genug Eierstöcke im Team. Freak Show, 2019-06-24","https://freakshow.fm/fs237-nicht-genug-eierstoecke-im-team","[...] Das ist halt das das stimmt so dieses dieses hunderttausende apps keine funktionieren richtig deswegen war ich damalsecht so fasziniert dass apple nord besser geworden ist was sie da jetzt verändert haben hab ich jetzt irgendwie noch nicht so richtig bei dir gesehen du hast ja gerade die ipad variante da drauf aber vielleicht nochmal kurz anbringen mit dem,dass die app glaube ich jetzt wirklich sinnvoll überarbeite somein anwendungsfälle ist dass ich jede woche mir so 'n bisschen aufschreibe was ich die woche machen will was für mich wichtig ist was irgendwie passieren muss und sachen die so zu helfen einfach so dass ich irgendwie so,über die woche hinweg mein kram erledigt bekomme,und was die apps kann und das finde ich echt cool ähm dich so auch regelmäßig an sachen erinnern also meine liste bestimmt auch so park listen,und diese app kann das halt jetzt halt auch ähm so na ähnlich wie der kalender eigentlich also da gibt's halt,was für was auch immer du erinnert werden willst du kannst halt kastel meisen ob das irgendwie jeden tag jede woche jeden monat und wir haben also ich hab heute für uns [...]"
"180","2020-12-16","internetbasiert","Headless. Topperspective, 2020-12-16","https://topperspective.wordpress.com/2020/12/16/headless/","Epiphagi, a variant name for the headless people of the Brisone, is sometimes used as a term referring strictly to the eyes-on-the-shoulders type."
"181","2020-02-28","internetbasiert","meine-wiking-welt - Passat Variant IV. meine-wiking-welt.eu, 2020-02-28","https://www.meine-wiking-welt.eu/pkw/volkswagen/passat-variant-iv/","VW Passat Variant 04302 1995-1998 grün, IE mit separiertem Lenkrad beige, Innenspiegel Teil der Verglasung, plastische Scheibenwischer + Heckwischer, 2 Außenspiegel in Wagenfarbe, Frontscheinwerfer + Blinker klartransparent + Rückleuchten rottransparent eingesetzt, mit plastische Dachreling in Wagenfarbe, VW-Logo silbern, Seitliche Stoßleiste schwarz, Räder zweiteilig Alufelgen mit aufgezogenen Reifen, Bodenplatte schwarz, Bodenprägung modernes Wiking-Logo + ""Germany""."
"182","2018-10-25","internetbasiert","5 Tipps für optimale IoT-Sicherheit im Unternehmen. 0800hardware.de, 2018-10-25","http://0800hardware.de/5-tipps-fuer-optimale-iot-sicherheit-im-unternehmen/","The ease of use of a Nano board with the addition of secure IoT and BT connectivity Small (45mm x 18mm), robust and powerful board; 3.3V variant of the Nano family."
"183","2020-01-01","internetbasiert","Dear´s Priester-Deck Diamant 1 Sterne - Hearthstone Deck-Guide. HearthstoneHeroes.de, 2020-01-01","https://www.hearthstoneheroes.de/decks/dears-priester-deck-abwechselungpur/","es ist mein erster guide…und viel zu sagen gibt es nicht…es macht sau spass diese variante zu spielen weil man damit auf vieles reagieren kann!"
"184","2020-01-01","internetbasiert","Verkaufsanhänger BK 200x250x230cm 1,3t. Koch Anhängerwerke, 2020-01-01","https://www.kochanhaengerwerke.de/koffer/kofferanhaenger/verkaufsanhaenger-bk-200x250x230cm-1-3t","Variant Autotrailer Maxi Load Universal L517 Tridem 219x517cm 3,5t"
"185","2020-11-24","internetbasiert","ASUS TUF Gaming B550-Plus im Test - Hardware-Inside. Hardware-Inside Forum, 2020-11-24","https://www.hardwareinside.de/asus-tuf-gaming-b550-plus-im-test-54507/","Wir schauen uns das ASUS TUF Gaming B550-Plus variante genauer an."
"186","2020-03-10","internetbasiert","Elektroauto-Vergleich 2020: Angebote, Preise und Modelle vergleichen | carwow.de. Carwow, 2020-03-10","https://www.carwow.de/elektroauto","Ersparnis zur UVP sichern 4. VW Passat GTE Variant mit 33 % durchschn."
"187","2018-02-20","internetbasiert","Excel VBA – Wie Sie beliebiges Datum in einer Liste finden. Denis Reis, 2018-02-20","https://www.denisreis.com/excel-vba-beliebiges-datum-in-einer-liste-finden/","Sub BeliebigesDatumFinden() Dim rngZelle As Range Dim varTag As Variant Do 'Eingabedialog varTag = Application.InputBox _ (""Bitte Tageszahl des aktuellen Monats eingeben."", _ ""Gesuchtes Datum"", 1, , , , , 1)"
"188","2020-01-01","internetbasiert","Kredit mit Vorkasse. Kredit-Kenntnis.de, 2020-01-01","https://www.kredit-kenntnis.de/kredit-mit-vorkasse/","Die andere Variant – Neugier lässt mehr Raum für Anschlussgeschäfte im „grauen Markt“."
"189","2020-01-01","internetbasiert","Reiseautos von Volkswagen: Entspannt in den Urlaub. Volkswagen Österreich, 2020-01-01","https://www.volkswagen.at/modelle/reiseauto","Der Laderaum Ihres Golf Variant ist nicht nur groß, sondern auch praktisch gestaltet."
"190","2020-01-01","internetbasiert","Variant Autotrailer Maxi Load Universal L420 204x420cm 3,0t. Koch Anhängerwerke, 2020-01-01","https://www.kochanhaengerwerke.de/fuer-fahrzeuge/autotrailer/variant-autotrailer-maxi-load-universal-l420-204x420cm-3-0t","Variant Hochlader Anhänger P3 2018 Comfort | 175x315cm 2,0t"
"191","2020-02-27","internetbasiert","Kampagnen-Links - etracker. Etracker Gmbh, 2020-02-27","https://www.etracker.com/docs/bedienung/etracker-analytics/web-analytics/kampagnen-links/","System–Mails bspw. zur Bewertung von Produkten nach dem Kauf Creative = Absatz, in dem der Link bzw. das beworbene Produkt enthalten ist Placement = Absatz-Position (Nr.) des enthaltenen Links Variant = ggf. zur Differenzierung von Segmenten innerhalb der Verteiler oder A/B-Tests bei inhaltlichen Varianten Nur die Parameter für die Kampagne (etcc_cmp) und das Medium (etcc_med) sind Pflichtparameter."
"192","2018-10-25","internetbasiert","5 Tipps für optimale IoT-Sicherheit im Unternehmen. 0800hardware.de, 2018-10-25","http://0800hardware.de/5-tipps-fuer-optimale-iot-sicherheit-im-unternehmen/","Small (45mm x 18mm), robust and powerful board; 3.3V variant of the Nano family."
"193","2018-06-01","internetbasiert","Haben Sie Fragen?. Hanse Haus, 2018-06-01","https://www.hanse-haus.ch/de/fuer-sie/mediathek/360-grad-touren/","360°-Rundgang: Variant 35-161"
"194","2019-03-24","internetbasiert","Programmier Tutorial: Apps für Android entwickeln – Teil 14: Mit Debugging Programmfehler im Quellcode finden. Mit Debugging Programmfehler im Quellcode finden in Android Studio, 2019-03-24","https://www.programmierenlernenhq.de/tutorial-android-debugging-mit-android-studio/","In dem Build Variant Tool Window (Markierung A) wird für jedes Modul der Android App der jeweils ausgewählte Build Variant angezeigt."
"195","2019-07-01","internetbasiert","Spider-Man (2019) 07, 4,99 €. Spider-Man (2019) 07, 4,99 €, 2019-07-01","https://www.merchfox.at/Spider-Man-2019-07","Heft Variantcover: kein Variant Erstveröffentlichung: 02.07.2019 Seiten: 52 Autor/en: Nick Spencer Zeichner:"
"196","2018-01-11","internetbasiert","schnittmuster. TANZRAUSCH | 40s KLEID. Schwalbenliebe, 2018-01-11","https://www.schwalbenliebe.com/products/tanzrausch","TANZRAUSCH art. digitaler Schnitt, PDF-Anleitung & Schnitt varianten."
"197","2018-03-15","internetbasiert","VW-Vorstand: ""Elektrofahrzeuge sind faszinierend"". ecomento.de, 2018-03-15","https://ecomento.de/2018/03/15/vw-vorstand-elektrofahrzeuge-sind-faszinierend/","Schließlich werden wir in Zwickau noch bis Mitte dieses Jahres den Passat B8, bis ins nächste Jahr hinein den Golf und bis 2020 den Golf Variant produzieren“."
"198","2020-08-01","internetbasiert","Lokalisieren Sie Ihre Software und erschließen Sie neue Märkte. sisulizer.de, 2020-08-01","https://www.sisulizer.de/online-help/SystemVariantDialog.shtml","Variant specifies a variant code."
"199","2019-07-01","internetbasiert","pesto di pistaccio. Contrada Malopasso, 2019-07-01","https://contradamalopasso.de/produkt/pesto-di-pistaccio/","kennen sie pasta mit pesto di pistaccio? die typische prima piatti aus der ätnaregion. ich empfehle dafür macceroncinis unter die das pesto aus der pistazie gehoben wird. eine herrliche variante für pastagerichte"
"200","2020-10-05","internetbasiert","Bodenarbeitsseil Dünn - Prices from 51.60 to 58.75. Bataliru, 2020-10-05","https://bataliru.de/products/bodenarbeitsseil-dunn-prices-from-51-60-to-58-75","[...] Variant for price 53.15 Variant for price 53.25 Variant for price 53.5 Variant for price 53.6 Variant for price 53.7 Variant for price 54.1 Variant for price 54.2 Variant for price 54.55 Variant for price 54.65 Variant for price 54.75 Variant for price 55.15 Variant for price 55.25 Variant for price 55.6 Variant for price 55.7 Variant for price 56.2 Variant for price 56.65 Variant for price 56.75 Variant for price 57.25 Variant for price 57.7 Variant for price 58.75 Variant for price 51.6 Variant for price 52 Variant for price 52.1 Variant for price 52.2 Variant for price 52.45 Variant for price 52.55 Variant for price 52.65 Variant for price 53.05 Variant for price 53.15 Variant for price 53.25 Variant for price 53.5 Variant for price 53.6 Variant for price 53.7 Variant for price 54.1 Variant for price 54.2 Variant for price 54.55 Variant for price 54.65 Variant for price 54.75 Variant for price 55.15 Variant for price 55.25 Variant for price 55.6 Variant for price 55.7 Variant for price 56.2 Variant for price 56.65 Variant for price 56.75 Variant for price 57.25 Variant for price 57.7 Variant for price 58.75 In den Einkaufswagen legen Teilen Auf Facebook teilen Twittern [...]"
"201","2020-07-11","internetbasiert","Unterschied PIC 16F876 zu 16F876A Ersatzteilversand. forum.electronicwerkstatt.de, 2020-07-11","https://forum.electronicwerkstatt.de/phpBB/Microcontroller/unterschied_pic_16f876_zu_16f876a-t33699f28_bs0.html","die a variante geht bis 20mhz, wobei die normale bei 4mhz (bin mir nicht ganz sicher)stabil läuft, ich habe aber normale versionen auch mit 16mhz laufen. pics lassen sich übertakten. gruss"
"202","2018-01-01","internetbasiert","FOXG1 syndrome: genotype-phenotype association in 83 patients with FOXG1 variants.. CeGaT GmbH, 2018-01-01","https://cegat.com/foxg1-syndrome-genotype-phenotype-association-in-83-patients-with-foxg1-variants/","We compiled 30 new and 53 reported patients with a heterozygous pathogenic or likely pathogenic variant in FOXG1."
"203","2020-07-16","internetbasiert","Program zur Schaltplanerstellung? Ersatzteilversand. forum.electronicwerkstatt.de, 2020-07-16","https://forum.electronicwerkstatt.de/phpBB/Elektrische_Probleme/program_zur_schaltplanerstellung-t9283f6_bs0.html","Es gibt ja die neuere variante mit den Photobeschichteten Platinen, welche dann mit UV Licht bestrahlt werden... Wie genau funktioniert diese variante..und geht das überhaupt schneller/besser?"
"204","2019-02-26","internetbasiert","Termine 2019. ACATEC Software GmbH, 2019-02-26","https://www.acatec.de/unternehmen/news/termine-2019","24. - 25.06.2019 Smart Variant CON 2019 in Berlin"
"205","2018-12-14","internetbasiert","VW I.D.: Erste Erlkönigfotos aus Südafrika. ecomento.de, 2018-12-14","https://ecomento.de/2018/12/14/vw-i-d-erste-erlkoenigbilder-aus-suedafrika/","Schnellstmöglich preiswertere varianten in europa wären für tesla enorm wichtig, denn ab 2020 ist es mit dem alleinstellungsmekmal und damit dem absatz größerer mengen auch für die güstigen vorbei."
"206","2020-05-21","internetbasiert","Kritisches papier nordvpn zuckerklemme – Nordvpn : Bester Preis. Bester VPN-Vergleicher, 2020-05-21","http://minecraftopia.de/kritisches-papier-nordvpn-zuckerklemme-nordvpn-bester-preis/","Kennen dafür eine kostenlose variante ist als vpn-client vor da ist nordvpn gilt es immer den unterschied ist außerdem auch mittels einer davon ist javascript einen sicheren händen sein."
"207","2020-04-19","internetbasiert","Nordvpn Zwiebel auf vpn funktioniert nicht – Nordvpn : Warnung. Bester VPN-Vergleicher, 2020-04-19","http://minecraftopia.de/nordvpn-zwiebel-auf-vpn-funktioniert-nicht-nordvpn-warnung/","Die software verfügbar, obwohl dieser variante zur aufzeichnung von nord vpn nutzen dein laptop zu ändern, deine persönlichen daten von netflix de auch an der user von längerer zeit verbinden."
"208","2020-12-23","internetbasiert","Google Analytics 4 Recipes: Measurement Protocol - Digital Analytics Blog. Digital Analytics Blog, 2020-12-23","https://www.marcusstade.de/google-analytics-4-recipes-measurement-protocol/","item_name Name des Produktes item_id ID des Produktes item_price Preis des Produktes item_brand Marke des Produktes item_category Kateogrie des Produktes item_variant Variante des Produkte quantity Anzahl der gekauften Einheitens des Produkts item_coupon Genutzter produktspezifischer Coupon"
"209","2019-10-10","internetbasiert","FS242 Speed Dating for Scientists. Freak Show, 2019-10-10","https://freakshow.fm/fs242-speed-dating-for-scientists","Ja also paris da also es gibt von allen herstellern die hafermilch machen,oder von vielen gibt's auch 'ne paris der variante mit höheren fettgehalt und so weiter wenn irgendwie öl und so weiter rapsöl keine ahnung was ja alles reinmachen und das schon halt korrekt und so weiter und,ich habe so verschiedene durchprobiert und meiner meinung nach schmeckt halt paris da ist einfach du bist,every und geschmack kann man sich streiten aber bei mir."
"210","2020-04-30","internetbasiert","VW günstig kaufen. Copyright 2020 www.audaris.de, 2020-04-30","https://www.automobile-lopp.de/auto/vw/","Wer mehr Platz benötigt, ist mit dem Sharan oder auch Golf Variant und Passat Variant gut beraten."
"211","2018-09-24","internetbasiert","Symbol per API erstellen. Suplanus, 2018-09-24","https://suplanus.de/symbol-per-api-erstellen/","Group group = variant.AsGroup; foreach (var placement in page.AllFirstLevelPlacements)"
"212","2019-04-09","internetbasiert","Autohaus Bataille | Ihr Volkswagen Partner in Jülich. Autohaus Bataille, 2019-04-09","https://autohaus-bataille.de/","Passat Variant 1.4 TSI Hybrid GTE DSG,AHK,Navi,S"
"213","2019-02-09","internetbasiert","Fertighimmel. OST-Blog, 2019-02-09","http://ost-blog.passat32.de/2019/02/09/fertighimmel/","Die Kofferraumleucht, im Variant zumindest, kenne ich nur ohne Ausschaltverzögerung."
"214","2018-04-02","internetbasiert","Adressen Export - WAWIS Warenwirtschaft. WAWIS Warenwirtschaft, 2018-04-02","https://www.wawis.de/adressen-export/","[...] = -4109; xlWorksheet = -4167; // WBATemplate xlWBATWorksheet = -4167; xlWBATChart = -4109; // Page Setup xlPortrait = 1; xlLandscape = 2; xlPaperA4 = 9; // Format Cells xlBottom = -4107; xlLeft = -4131; xlRight = -4152; xlTop = -4160; // Text Alignment xlHAlignCenter = -4108; xlVAlignCenter = -4108; xlVAlignTop = -4160; // Cell Borders xlThick = 4; xlThin = 2; var XlsApp, XlsWorkBook, XlsWorkSheet: Variant; Dateiname,Verzeichnis: String; nAbZeile,i:integer; begin // Geschrieben wird ab Zeile 2 (in der ersten stehen die Überschriften) nAbZeile := 2; // Wir starten Excel im Hintergrund XlsApp := CreateOleObject('Excel.Application'); try XlsApp.Workbooks.Add; XlsApp.Visible := False; XlsWorkbook := XlsApp.Workbooks[1]; XlsWorksheet := Xlsworkbook.Worksheets[1]; oQuery.SQL.Text := 'SELECT IF(a.RGanschriftID>0,ad.anschrift,a.rga) AS Anschrift,'; oQuery.SQL.Add(' a.*'); oQuery.SQL. [...]"
"215","2020-01-01","internetbasiert","Henra Kofferanhänger Boxvan black 183x365cm H:190 2,7t|Türe. Koch Anhängerwerke, 2020-01-01","https://www.kochanhaengerwerke.de/angebote/henra-kofferanhaenger-boxvan-black-183x365cm-h-190-2-7t-tuere","Variant Hochlader Anhänger 3521 P5 | 205x515cm 3,5t | Pro-Line"
"216","2020-10-05","internetbasiert","Bodenarbeitsseil Dünn - Prices from 51.60 to 58.75. Bataliru, 2020-10-05","https://bataliru.de/products/bodenarbeitsseil-dunn-prices-from-51-60-to-58-75","[...] Gutschein Alle Produkte Bodenarbeitsseil Dünn - Prices from 51.60 to 58.75 Normaler Preis €51,60 Sonderpreis €51,60 Angebot inkl. MwSt. zzgl. Versandkosten Title Variant for price 51.6 Variant for price 52 Variant for price 52.1 Variant for price 52.2 Variant for price 52.45 Variant for price 52.55 Variant for price 52.65 Variant for price 53.05 Variant for price 53.15 Variant for price 53.25 Variant for price 53.5 Variant for price 53.6 Variant for price 53.7 Variant for price 54.1 Variant for price 54.2 Variant for price 54.55 Variant for price 54.65 Variant for price 54.75 Variant for price 55.15 Variant for price 55.25 Variant for price 55.6 Variant for price 55.7 Variant for price 56.2 Variant for price 56.65 Variant for price 56.75 Variant for price 57.25 Variant for price 57.7 Variant for price 58.75 Variant for price 51.6 Variant for price 52 Variant for price 52.1 Variant for price 52.2 Variant for price 52.45 Variant for price 52.55 Variant for price 52.65 Variant for price 53.05 Variant for price 53.15 Variant for price 53.25 Variant for price 53.5 Variant for price 53.6 Variant for price 53.7 Variant for price 54.1 Variant for price 54.2 Variant for price 54.55 Variant [...]"
"217","2018-10-15","internetbasiert","#70 Herbst/ Halloween - Fall/ Halloween. beru-crafts.blogspot.com, 2018-10-15","https://beru-crafts.blogspot.com/2018/10/70-herbst-halloween-fall-halloween.html","Why not a fall variant from the shadow Box Card?"
"218","2020-12-17","internetbasiert","535. Nordrhein-Westfalen, das „Corona“-Narrativ und der riskante genetische Impfstoff. Sägefisch, 2020-12-17","https://jacquesauvergne.wordpress.com/2020/12/17/535/","However: A variant with higher transmissibility (for #B117 estimated around 50% more) it will be much more difficult to contain spread EVEN with strict measures."
"219","2020-01-01","internetbasiert","Glühkerze VW Bora Caddy Golf Jetta Derby. Bus-Scheune.de, Ersatzteile fuer VW Bus T3 VW Bus T4 guenstig kaufen., 2020-01-01","https://www.bus-scheune.de/weitere-VW-Classic-Modelle/Golf-1/Zuendung-Elektrik/Gluehkerze-VW-Bora-Caddy-Golf-Jetta-Derby::49355.html","[...] 1.5 1.6 D TD 08/76-02/84 VW GOLF I Cabriolet (155) 1.5 1.6 01/79-11/83 VW GOLF II (19E, 1G1) 1.0 1.3 1.6 D TD 08/83-12/92 VW GOLF III (1H1) 1.3 1.9 D TD GTD TDI 11/91-12/97 VW GOLF III Cabriolet (1E7) 1.9 TDI 08/95-05/98 VW GOLF III Variant (1H5) 1.9 D TDI 07/93-04/99 VW GOLF IV (1J1) 1.9 TDI 08/97-05/05 VW GOLF IV (1J1) 1.9 TDI 07/98-06/05 VW GOLF IV Cabriolet (1E7) 1.9 TDI 06/98-06/02 VW GOLF IV Variant (1J5) 1.9 TDI 05/99-06/06 VW JETTA I (16) 1.1 1.3 1.5 1.6 D TD 08/78-02/84 VW JETTA II (19E, 1G2) 1.3 1.6 D TD 01/84-07/92 [...]"
"220","2020-05-04","internetbasiert","Blogheim.at | Blogger Profil von surfingthekitchen aus Wien. Blogheim.at, 2020-05-04","https://www.blogheim.at/blogger/surfingthekitchen","und weiter geht’s mit den brotrezepten, heute mein liebstes roggenmischbrot. war das erste das ich ausprobiert habe (natürlich aus brotbackbuch nr 2) und bin seitdem dabei geblieben. am anfang habe ich zwar noch die variante mit einem germanteil gem... brotbrotbackbuch nr. 2roggenmischbrotsauerteig"
"221","2020-03-21","internetbasiert","Corona und Defender 2020: System Reset und Europas Befreiung vom Deep State im Gange?. Die Stunde der Wahrheit, 2020-03-21","https://revealthetruth.net/2020/03/21/corona-und-defender-2020-system-reset-und-europas-befreiung-vom-deep-state-im-gange/","„The adrenochrome produced in the Wuhan facility was ,infectedʼ with a special variant of the mass released corona virus variant."
"222","2020-10-05","internetbasiert","Bodenarbeitsseil Dünn - Prices from 51.60 to 58.75. Bataliru, 2020-10-05","https://bataliru.de/products/bodenarbeitsseil-dunn-prices-from-51-60-to-58-75","[...] Variant for price 52 Variant for price 52.1 Variant for price 52.2 Variant for price 52.45 Variant for price 52.55 Variant for price 52.65 Variant for price 53.05 Variant for price 53.15 Variant for price 53.25 Variant for price 53.5 Variant for price 53.6 Variant for price 53.7 Variant for price 54.1 Variant for price 54.2 Variant for price 54.55 Variant for price 54.65 Variant for price 54.75 Variant for price 55.15 Variant for price 55.25 Variant for price 55.6 Variant for price 55.7 Variant for price 56.2 Variant for price 56.65 Variant for price 56.75 Variant for price 57.25 Variant for price 57.7 Variant for price 58.75 In den Einkaufswagen legen Teilen Auf Facebook teilen Twittern Auf Twitter twittern Pinnen Auf Pinterest pinnen Teilen Auf Facebook teilen Twittern Auf Twitter twittern Pinnen Auf Pinterest pinnen [...]"
"223","2018-10-26","internetbasiert","Suche. tksoft-online.de, 2018-10-26","http://www.tksoft-online.de/index.php/ms-access/bsp-db-s/bsp-downloads-datum-und-zeit/22-umrechnung-von-unix-timestamp-nach-datum-und-zeit-und-umgekehrt","Public Function GetDateTime_UNIX(ByVal dblSec As Double) As Variant Dim vResult As Variant Dim vStart As Variant On Error Resume Next vStart = DateSerial(1970, 1, 1) vResult = DateAdd(""s"", dblSec, vStart) GetDateTime_UNIX = vResult On Error GoTo 0 End Function"
"224","2019-01-01","internetbasiert","Online Coaching. siegfried-hansen.de, 2019-01-01","https://siegfried-hansen.de/online-coaching","2 te Variante:"
"225","2019-11-14","internetbasiert","Anleitung: Variable Produkte in WooCommerce anlegen - MarketPress. MarketPress, 2019-11-14","https://marketpress.de/woocommerce-variable-produkte/","habe folgendes problem sobald ich über 30 verschieden varianten erstelle werden die bei der auswahl im shop nicht selektiert. heißt z.b. wenn ich fahrzeug audi A3 auswähle kann ich trozdem noch alle varianten (BJ.) auswählen obwohl im backend als für audi A3 nur bj. 2003-2008 eingestellt ist. gibt es dafür eine lösung ?"
"226","2020-01-01","internetbasiert","21-500. isover.ch, 2020-01-01","https://www.isover.ch/de/solutions/21-500","Description Unité 1 Unité 2 Variant 1 Variant 2 Variant 3 Variant 4 Variant 5 Variant 6 ISOVOX d [mm] 45 45 45 45 45 45 PB F 030 d [mm] 80 100 120 140 160 180 Wärmeschutz im Winter und Sommer * * ** ** ** ** Wärmedurchgangskoeffizient:"
"227","2020-09-01","internetbasiert","TG D70. beyerdynamic GmbH & Co. KG, 2020-09-01","https://www.beyerdynamic.ch/tg-d70.html","sa2 Solved Variant"
"228","2020-01-01","internetbasiert","ULTRA X TITAN Zündkerze. BERU Zündungsteile | BERU – Ihr Experte für Zündungstechnik, 2020-01-01","https://www.beruparts.de/find-my-part/10828968/beru-by-driv/ultra-x-titan/zundung/zundkerze/uxt14.pd.html","Marke Variante Motor Aktion {{fitment.make}} {{fitment.variant}} {{fitment.engine_display}}"
"229","2020-07-17","internetbasiert","Tandem-Potentiometer Ersatzteilversand. forum.electronicwerkstatt.de, 2020-07-17","https://forum.electronicwerkstatt.de/phpBB/Bauteile/tandem_potentiometer-t86305f30_bs0.html","Ich finde eure Ideen gut, hatte die meisten varianten aber schon durchgespielt, und bin leider nicht auf das gewünschte Resultat gekommen."
"230","2020-05-14","internetbasiert","Marke Teufelskraft | Gesundheit, Schönheit, Wohlbefinden ⋆ Teufelskraft. Teufelskraft, 2020-05-14","https://teufelskraft.de/marke/","Die Säuerungsmittel und das Rote Beete Pulver werden für den Geschmack und die Farbe den fruchtigen varianten zugesetzt und das fettreduzierte Kakaopulver für Geschmack und Farbe den schokoladenen Varianten."
"231","2018-12-04","internetbasiert","In Excel Wochentag aus Datum generieren - tabcalc.de. tabcalc.de, 2018-12-04","https://tabcalc.de/tipps/in-excel-wochentag-aus-datum-generieren/","Beide varianten haben für sich genommen ihre Vorteile."
"232","2019-05-03","internetbasiert","Wahrnehmung und Wirklichkeit. Gottes Liebling, Mensch, 2019-05-03","https://gotteslieblingmensch.com/2019/05/03/wahrnehmung-und-wirklichkeit/","ikke hab eine weitere variante HEILBEHANDLUNG mit den strahlen aus den händen kennengelernt plus reflexzonen+massage+tensor-test+kineliologischer-test … war auch eine heitere g’schicht …"
"233","2020-01-26","internetbasiert","Comics: The Dark Crystal – The Quest for the Dual Glaive (Part 1 of 4) - SteamTinkerers Klönschnack | KLNSCHNCK. SteamTinkerers Klönschnack | KLNSCHNCK, 2020-01-26","https://steamtinkerer.de/2020/01/26/comics-the-dark-crystal-the-quest-for-the-dual-glaive-part-1-of-4/","Während das „Variant Cover“ aus der Feder von Kevin Tong stammt, ist das „reguläre“ Cover von Mona Finden."
"234","2020-07-08","internetbasiert","Zusammenarbeit und Produktivität. https://twitter.com/ETAS_global, 2020-07-08","https://www.etas.com/de/portfolio/isolar_a-collaboration_productivity.php","Die Editoren von ETAS ISOLAR-A unterstützen typische Arbeitsabläufe zur Erstellung von AUTOSAR-Systemen und –Software sowie die AUTOSAR-Konzepte „Variant Handling“ (Behandlung von Varianten) und „Splitable“ (Aufteilung von Softwareelementen)."
"235","2019-05-08","internetbasiert","Bester Super Mario Adventskalender 2023. Adventskalender Land, 2019-05-08","https://adventskalender-land.de/kinder/super-mario-adventskalender/","Variant 2:"
"236","2020-01-01","internetbasiert","21-635. isover.ch, 2020-01-01","https://www.isover.ch/de/solutions/21-635","Description Unité 1 Unité 2 Variant 1 Variant 2 Variant 3 Variant 4 Variant 5 Variant 6 Akustische Korrektur Frequenz f [Hz] 125 250 500 1000 2000 4000 mittel Schallabsorptionskoeffizient αS [–] 0.59 1.07 1.15 0.93 0.91 0.92 0.93"
"237","2019-09-21","internetbasiert","Fensterputzen-Preissystem Fürth Fensterreinigung Preis Preise. Fensterputzer Fürth Fenstereinigung für Privathaushalte, 2019-09-21","https://xn--fensterputzerfrth-g3b.de/fensterputzen-preissystem/","Wenn Sie sich für die Variante entscheiden, sparen Sie 25 % gegenüber der Premium-Fensterreinigung ( variant 1)"
"238","2020-02-13","internetbasiert","VW Golf 6 Variant - Car Media. Car Media, 2020-02-13","https://www.carmedia.de/marken/vw-golf-6-variant-3/","VW Golf 6 Variant"
"239","2020-07-29","internetbasiert","Chinesische Kalligrafie - Artikel Magazin Handschrift. Handschrift Magazin, 2020-07-29","https://handschrift-magazin.de/die-kunst-der-chinesischen-kalligrafie/","Laut dem Dictionary of Chinese Variant Form gibt es im Chinesischen mehr als 100.000 Schriftzeichen."
"240","2020-03-26","internetbasiert","BIG DEAL - WIEST Autohäuser. WIEST Autohäuser, 2020-03-26","https://wiest-autohaeuser.de/big-deal-golf-variant/","Was Sie auch vorhaben, der Golf Variant ist auf fast alles vorbereitet."
"241","2020-01-01","internetbasiert","Lambdasonde. BERU Zündungsteile | BERU – Ihr Experte für Zündungstechnik, 2020-01-01","https://www.beruparts.de/find-my-part/9738984/beru-by-driv/exhaust-systems/lambdasonde/ozh033.pd.html","Marke Typ Motor Aktion {{fitment.make}} {{fitment.variant}} {{fitment.engine_display}} Siehe Anwendung"
"242","2020-12-31","internetbasiert","VW Golf EU Neuwagen | Jütten und Koolen. Jütten und Koolen, 2020-12-31","https://www.juetten-koolen.de/eu-neuwagen/VW-Golf/1","VW Golf Variant Neufahrzeuge – Platz da!"
"243","2020-11-03","internetbasiert","VW Golf 8 Variant - Kompaktkombi in sechster Generation - NewCarz.de. NewCarz.de, 2020-11-03","https://www.newcarz.de/2020/11/03/vw-golf-8-variant-kompaktkombi-in-sechster-generation/","Einen eTSI als Mild-Hybrid mit DSG gab es im letzten Golf Variant noch nicht; der von der Leistung her vergleichbare Motor mit Schaltgetriebe verbrauchte 0,5 l/100 km mehr als der neue eTSI."
"244","2018-11-15","internetbasiert","VW fertigt in Zwickau künftig 330.000 E-Modelle pro Jahr - electrive.net. electrive.net, 2018-11-15","https://www.electrive.net/2018/11/15/in-zwickau-rollen-kuenftig-330-000-e-modelle-vom-band/","Zurzeit laufen in Zwickau noch der Golf und der Golf Variant vom Band."
"245","2018-02-20","internetbasiert","Vorhang auf für Heft #2. Liga deutscher Helden, 2018-02-20","http://ligadeutscherhelden.de/vorhang-auf-fuer-heft-2/","Das Cover fürs reguläre Abo stammt aus der Feder von Klaus Scherwinski, für die Variant Covers konnten wir Marco Castiello und Felix Mertikat gewinnen."
"246","2020-08-01","internetbasiert","Volkswagen Passat Leasing ohne Anzahlung | gute-rate.de. gute-rate.de, 2020-08-01","https://www.gute-rate.de/fahrzeuge/marken/volkswagen/passat/","Volkswagen Passat Variant 2.0 TDI DSG Comfortline, LED, ACC"
"247","2020-01-01","internetbasiert","Automatische Distanzregelung ACC: Golf Variant. Volkswagen Österreich, 2020-01-01","https://www.volkswagen.at/golf-variant/golf-variant/automatische-distanzregelung","In Kolonnen und Staus bremst das System Ihren Golf Variant in Verbindung mit dem optionalen Doppelkupplungsgetriebe DSG bis zum Stillstand ab und fährt innerhalb kurzer Zeit auch wieder automatisch an."
"248","2020-12-01","internetbasiert","Neoliberalismus. diversity-glossar.de, 2020-12-01","http://diversity-glossar.de/neoliberalismus/","A progressive variant, to be sure, but one that tended nevertheless to overextend the critique of culture, while downplaying the critique of political economy."
"249","2020-07-07","internetbasiert","DVD elta 8909 csb Ersatzteilversand. forum.electronicwerkstatt.de, 2020-07-07","https://forum.electronicwerkstatt.de/phpBB/Ersatzteile_Reparatur_Videorecorder/dvd_elta_8909_csb-t27209f21_bs0.html","[...] Geräteart : DVD-Player Hersteller : elta Gerätetyp : 8909 csb Messgeräte : Multimeter ______________________ hallo, habe einen neuen elta 8909 csb dvd player (heimkinosystem) mit regioncode 2, lazt handbuch. habe nun einige dvd´s ausprobiert, die auf meinem alten einwandfrei funktioniert haben und leider haben die auf diesem gerät probleme. weiss jemand wie man das gerät freischaltet, alle mir bekannten varianten für elta geräte gehen leider nicht. hab probiert mit setup, dann tasten 4, 9,,5,4,0 und mit dieser kombination kann man sich die software revision unsw. anschauen. aber leider nicht freischalten. bin dankbar für tipps. mfg, michael [...]"
"250","2020-01-01","internetbasiert","12-700. isover.ch, 2020-01-01","https://www.isover.ch/de/solutions/12-700","Description Unité 1 Unité 2 Variant 1 Variant 2 Variant 3 Variant 4 Variant 5 Variant 6 ISOTHERM 034 d [mm] 80 100 120 140 160 200 ISOTHERM 034 d [mm] 80 100 120 120 160 200 Wärmeschutz im Winter und Sommer * ** ** *** *** **** Wärmedurchgangskoeffizient:"
"251","2020-01-01","internetbasiert","Sensor, Saugrohrdruck. BERU Zündungsteile | BERU – Ihr Experte für Zündungstechnik, 2020-01-01","https://www.beruparts.de/find-my-part/9738229/beru-by-driv/sensoren/sensor--saugrohrdruck/spr216.pd.html","Marke Typ Motor Aktion {{fitment.make}} {{fitment.variant}} {{fitment.engine_display}} Siehe Anwendung"
"252","2019-01-22","internetbasiert","Advantech ernennt Dirk Finstel zum Associate Vice President Embedded IoT Europe. 0800hardware.de, 2019-01-22","http://0800hardware.de/advantech-ernennt-dirk-finstel-zum-associate-vice-president-embedded-iot-europe/","The ease of use of a Nano board with the addition of secure IoT and BT connectivity Small (45mm x 18mm), robust and powerful board; 3.3V variant of the Nano family."
"253","2020-01-01","internetbasiert","Unsinn Dreiseitenkipper UDK Smart Edition 204x366 3,5t|E-Pumpe|Rampe. Koch Anhängerwerke, 2020-01-01","https://www.kochanhaengerwerke.de/kipper/3-seitenkipper/unsinn-dreiseitenkipper-udk-smart-edition-204x366-3-5t-e-pumpe-rampe","Variant Heckkipper Variant 168x320cm 2,7t | E-Pumpe | Rampen | Gitter | Aktion"
"254","2018-11-23","internetbasiert","Fototische. studiotische.de, 2018-11-23","https://www.studiotische.de/Fototische","PHOTOSTAR VARIANT mit Untertisch"
"255","2019-10-21","internetbasiert","VW Golf Variant 1.6 Comfortline (Kombi). Web-Set Interactive Gmbh, 2019-10-21","https://www.car7.ch/auto/VW-Golf-Variant-1-6-Comfortline-Kombi--_0_32057.html","VW Golf Variant 1.6 Comfortline (Kombi) Beschreibung: VW Golf Variant 1.6 Comfortline (Kombi)"
"256","2019-10-29","internetbasiert","Verfügbare Fahrzeuge mit dem Autohaus Köhler Qualitäts-Siegel. Autohaus Zeidler GmbH, 2019-10-29","https://autokoehler.de/fahrzeuge/","Golf VIII Variant Life - LED - Navi - ACC - AHK"
"257","2020-01-01","internetbasiert","VW Golf Variant: Blind Spot-Sensor & Ausparkassisent. Volkswagen Österreich, 2020-01-01","https://www.volkswagen.at/golf-variant/golf-variant/blind-spot-sensor","Er kann Sie schon ab einer Geschwindigkeit von 15 km/h warnen, indem eine LED-Anzeige im Außenspiegel Ihres Golf Variant aufleuchtet."
"258","2020-12-16","internetbasiert","Online Casino Kostenlos Guthaben – Online spielautomaten von profis getestet. Daniela Figini, 2020-12-16","https://www.daniela-figini.ch/2020/12/16/online-casino-kostenlos-guthaben/","Heel soms kom je ook poker tegen waarbij het een variant is waarbij je het opneemt tegen de croupier, prime casino bonus und promo code er hat mich wirklich zum Nachdenken gebracht."
"259","2018-02-21","internetbasiert","Rezepte mit Leinöl, warum Leinöl? #werbung - Tschaakii's Veggie Blog. Tschaakii's Veggie Blog, 2018-02-21","https://www.tschaakiisveggieblog.at/produkte-im-test/rezepte-mit-leinoel-warum-leinoel-werbung/","Bei der pikanten Variant habe ich 25ml vom Öl dazu gemischt und ganz viele frische Kräuter."
"260","2020-06-06","internetbasiert","Der VW Passat für die grünen Momente - Wiesbadener Kurier. Wiesbadener Kurier, 2020-06-06","https://www.wiesbadener-kurier.de/ratgeber/auto-und-motorrad/autotests/volkswagen/der-vw-passat-fur-die-grunen-momente_21770500","Länge 4,89 m Preis (Grundausstattung) 45 810 € Breite 1,83 m Kofferraumvolumen 483-1613l Höhe 1,52 m Testverbrauch 4,6 l plus 15 kWh/100 km kW/PS 160/218 CO2-Ausstoß (WLTP) 37 g/km VW Passat GTE Variant Highline Länge 4,89 m Preis (Grundausstattung) 45 810 € Breite 1,83 m Kofferraumvolumen 483-1613l Höhe 1,52 m Testverbrauch 4,6 l plus 15 kWh/100 km kW/PS 160/218 CO2-Ausstoß (WLTP) 37 g/km"
"261","2020-01-01","internetbasiert","Typ 3 Cabrio - Typ3.de. Typ3.de, 2020-01-01","https://www.typ3.de/typ-3-cabrio.html","Mit einem Überraschungscoup stellte Volkswagen nach erfolgreicher Geheimhaltung im Jahre 1961 den VW 1500 vor, der aber keinesfalls Nachfolger des Millionenerfolgs Typ 1, sondern Aufsteigermodell sein sollte; Als Typ 31 erschien der ""große VW"" zunächst mit Stufenheck und zwei Türen, und ab Februar 1962 gab es auch den 2-türigen Kombi, genannt Variant - für VW ein absolutes Novum."
"262","2020-05-07","internetbasiert","B30-Rossolimo Variante. schach-dreier.de, 2020-05-07","https://www.schach-dreier.de/Schachbuecher/Datentraeger/Eroeffnungen/B20-Sizilianisch/B30-Rossolimo-Variante","Startseite Impressum AGB Widerrufsbelehrung Datenschutz Kontakt Kategorien Impressum Neuheiten Sonderangebote Modernes Antiquariat / Antiquariat Ramschkiste / 0 - 3 € Schachbücher/Datenträger Eröffnungen SOS Repertoires A00-Sokolski A01-Larsen-Eröffnung A02-Bird-Eröffnung A07-Königsindischer Angriff A09 Reti-Eröffnung A15-Englisch A16-Englische Eröffnung A40-Englische- Verteidigung A45-Trompowski-Angriff A48-Königsindischer Aufbau A51-Budapest Gambit A53-Alt Indisch A57-Wolga-Benkö Gambit A60-Modern Benoni A80-Holländisch B01-Skandinavisch B02-Aljechin-Verteidigung B06-Modern Defence B07-Pirc-Ufimzew B10-Caro-Kann B20-Sizilianisch B23-Geschlossenes System B29-Nimzowitsch-Rubinstein-Variante B30-Rossolimo Variante B33-Lasker/Sweshnikow B60-Richter/Rauser-Angriff B70-Drachenvariante B80-Scheveninger Variante B21- Sizilianisch Morra-Gambit B70-Sizilianisch (Drachenvariante)"
"263","2019-08-29","internetbasiert","Ćevapčići mit Djuvec-Reis und Ajvar. Ein Nudelsieb bloggt, ..., 2019-08-29","https://einnudelsiebbloggt.com/2019/08/29/cevapcici-djuvec-reis-ajvar/","Insgesamt eine super Variante🙂"
"264","2020-01-01","internetbasiert","Service Archive - SOLEUM SPA Design - Dampfbadbau. SOLEUM SPA Design - Dampfbadbau, 2020-01-01","https://www.soleum.at/service/","VERSION VARIANTE „BASIC“ – only SPA MODULE You have with us the opportunity for your project tailored solutions (modules such as loungers, benches and special shapes) to buy from us – this is the cheapest option!"
"265","2020-03-23","internetbasiert","Anonin vs nordvpn – Nordvpn : Vor dem Kauf lesen. Bester VPN-Vergleicher, 2020-03-23","http://minecraftopia.de/anonin-vs-nordvpn-nordvpn-vor-dem-kauf-lesen/","Über live-chat mit gutem gewissen sagen, dass eine variante des vpn-servers ist."
"266","2018-11-30","internetbasiert","sommer - die jahreszeiten-kochschule | esskultur. Esskultur, 2018-11-30","https://www.esskultur.at/shop/buch/sommer-die-jahreszeiten-kochschule/","kochen lernen im rhythmus der jahreszeiten: in neun thematischen kapiteln zeigen spitzenkoch richard rauch (steira wirt) und ich, wie man aus dem besten, was uns der sommer schenkt, köstliche mahlzeiten zubereitet. basis ist die österreichische küche, grenzen kennen wir keine. inkl. ästhetischen stepfotos, illustrierter warenkunde und unzähligen tripps, tricks & varianten."
"267","2020-08-03","internetbasiert","Variant 3500 U5 | 520x210cm - 3,5t | Kippbarer Multitransporter - Hochlader Anhänger. PKW-Anhänger kaufen bei P+P Anhängercenter | Wohnmobil Vermietung & Anhängervermietung, 2020-08-03","http://www.ppanhaengercenter.com/store/p612/Variant-3500U5-Kippbarer-Hochlader-Anhaenger.html","Variant kippbare Anhänger offen"
"268","2018-06-01","internetbasiert","Haben Sie Fragen?. Hanse Haus, 2018-06-01","https://www.hanse-haus.ch/de/fuer-sie/mediathek/360-grad-touren/","360°-Rundgang: Variant 25-192"
"269","2020-07-10","internetbasiert","Plasma TV Samsung Fernseher schwarzer Bildschirm Ersatzteilversand. forum.electronicwerkstatt.de, 2020-07-10","https://forum.electronicwerkstatt.de/phpBB/Ersatzteile_Reparatur_Fernseher/plasma_tv_samsung_fernseher_schwarzer_bildschirm-t101140f5_bs0.html","Dies ist die einfachste und ungefährlichste variante."
"270","2018-02-03","internetbasiert","Ta Technix Querlenkerlager VA-L hinten Audi A3/A3 Sportsback/A3 Cabriolet/Seat Altea/Leon/Toledo III/Skoda Octavia/Superb/Yeti/VW Caddy III /Eos/Golf V/Golf VI/Golf VI Variant/Golf V Plus/Jetta III/Scirocco/Touran | STW Tuning - Ihr Onlineshop für KFZ-T...","https://www.stwtuning.de/serienteile/querlenker-kit/streetstar-querlenkerlager-va-l-hinten-audi-a3-a3-sportsback-a3-cabriolet-seat-altea-leon-toledo-iii-skoda-octavia-superb-yeti-vw-caddy-iii-eos-golf-v-golf-vi-golf-vi-variant-golf-v-plus-jetta-iii-scirocco-touran_37487_13133","VW Eos (1F7/1F8), Golf V (1K1), Golf V Variant (1K5), Golf VI (5K1), Golf VI Variant (AJ5) VW Golf V Plus (5M1/521), Jetta III (1K2), Scirocco (137), Touran (1T1/1T2/1T3) Vorderachse links, hinten Teilehersteller: TA Technix Lieferumfang: 1 Stück OEM-Vergleichsnummer(nur zu Vergleichszwecken): 1K0199231G, 1K0199231K, 1K0199231H, 1K0199231J"
"271","2019-07-03","internetbasiert","Scrum Master – IoT (m/w/d). 0800hardware.de, 2019-07-03","http://0800hardware.de/scrum-master-iot-m-w-d/","The ease of use of a Nano board with the addition of secure IoT and BT connectivity Small (45mm x 18mm), robust and powerful board; 3.3V variant of the Nano family."
"272","2020-05-15","internetbasiert","VW EA288 Dieselskandal - Jetzt Schadensersatz fordern. Wertverlust Diesel |, 2020-05-15","https://wertverlust-diesel.de/vw-ea-288-dieselskandal/","Bei dem streitgegenständlichen Fahrzeug handelt es sich um einen VW Golf VII Variant 1.6 Liter TDI mit dem Motor… Weiterlesen"
"273","2018-05-31","internetbasiert","VW Golf Variant: Zuverlässigkeit und Erfolg seit 1993. Auto-Kombi, 2018-05-31","https://www.kombi.de/vw-golf-variant/","Dieser Golf VI Variant wurde wieder klar an der Golf-Klasse angelehnt und in Design und Ausstattung an diese angepasst."
"274","2019-05-10","internetbasiert","Oettinger Dachspoiler. rieger-tuning.biz, 2019-05-10","https://rieger-tuning.biz/","Nicht für Variant. **kein EXPORT möglich**"
"275","2018-12-23","internetbasiert","Las Vegas - Roadtrip USA Highlights des Westens - Tag 10. USA Unpauschal, 2018-12-23","https://www.usa-unpauschal.de/usa-highlights-des-westens-tag-10-las-vegas","Ich hab einen Golf Variant zu Hause, selbst da ist der Kofferraum größer."
"276","2020-08-03","internetbasiert","Variant 3325 P6 | 615x245cm - 3,5t | Tridem Hochlader Anhänger. PKW-Anhänger kaufen bei P+P Anhängercenter | Wohnmobil Vermietung & Anhängervermietung, 2020-08-03","http://www.ppanhaengercenter.com/store/p571/Variant-3325P6-Tridem-Hochlader-Anhaenger.html","Variant 3325 P6 | 615x245cm - 3,5t | Hochlader - Tridem"
"277","2020-12-29","internetbasiert","Sars-CoV-2: Müssen wir Angst vor Coronavirus Mutationen wie B.1.1.7 und 501.V2 haben?. Sars-CoV-2: Müssen wir Angst vor Coronavirus Mutationen wie B.1.1.7 und 501.V2 haben?, 2020-12-29","https://www.ich-habe-auch-angst.de/angst-coronavirus-mutationen/","Sheri Fink: South Africa announces a new coronavirus variant."
"278","2019-06-24","internetbasiert","FS237 Nicht genug Eierstöcke im Team. Freak Show, 2019-06-24","https://freakshow.fm/fs237-nicht-genug-eierstoecke-im-team","Nein das stimmt es gibt oben extra noch einen freien bereich dafür gibt's von pegasus so 'ne kleine variante da kannst du zwei platten reinhauen."
"279","2018-05-31","internetbasiert","VW Passat Variant: Den neuen Volkswagen bewundern. Auto-Kombi, 2018-05-31","https://www.kombi.de/vw-passat-variant/","Im Durchschnitt ist der Variant eines der meistgebauten Autos überhaupt."
"280","2019-11-04","internetbasiert","schoko-nuss guglhupf (becherkuchen). Surfing The Kitchen, 2019-11-04","https://surfingthekitchen.wordpress.com/2019/11/04/schoko-nuss-guglhupf-becherkuchen/","Ich finde aber beide varianten super, probiert einfach mal beide aus und sagt mir was euch besser schmeckt."
"281","2020-07-28","internetbasiert","Class D Amp Projekt AT_XA_2000 Ersatzteilversand. forum.electronicwerkstatt.de, 2020-07-28","https://forum.electronicwerkstatt.de/phpBB/Projekte_im_Selbstbau/class_d_amp_projekt_at_xa_2000-t13529f34_bs0.html","Die superbillig varianten arbeiten mit einem NE555, klingt unglaublich ist aber so, hab ja geschrieben 'billig';-)."
"282","2018-11-15","internetbasiert","Volkswagen: Zwickau wird ""modernste E-Auto-Fabrik Europas"". ecomento.de, 2018-11-15","https://ecomento.de/2018/11/15/volkswagen-zwickau-wird-modernste-e-auto-fabrik-europas/","Aktuell werden noch Golf und Golf Variant gefertigt, Ende 2019 startet in Zwickau die Produktion des I.D. – des ersten E-Modells der Marke auf Basis des neuen Modularen E-Antriebs-Baukasten (MEB)."
"283","2018-04-04","internetbasiert","VW Versicherung & Kfz Unterhaltskosten, Steuern – Vergleich Rechner. Autokostenauskunft.net, 2018-04-04","https://www.autokostenauskunft.net/marken/vw/","Die Beispielrechnung bezieht sich auf einen VW Passat Variant 1.4."
"284","2018-09-26","internetbasiert","Einrichten von IoT Hub und Verbinden Ihres ersten Geräts. 0800hardware.de, 2018-09-26","http://0800hardware.de/einrichten-von-iot-hub-und-verbinden-ihres-ersten-geraets/","The ease of use of a Nano board with the addition of secure IoT and BT connectivity Small (45mm x 18mm), robust and powerful board; 3.3V variant of the Nano family."
"285","2018-07-04","internetbasiert","Testfahrer: Tesla Roadster wird ""eine echte Waffe"". ecomento.de, 2018-07-04","https://ecomento.de/2018/07/04/testfahrer-tesla-roadster-wird-eine-echte-waffe/","Ein alter verrosteter VW Variant, und mir wurde bewust, das es eine Waffe ist."
"286","2020-12-17","internetbasiert","535. Nordrhein-Westfalen, das „Corona“-Narrativ und der riskante genetische Impfstoff. Sägefisch, 2020-12-17","https://jacquesauvergne.wordpress.com/2020/12/17/535/","The variant was quickly named VUI-202012/01, the first „Variant Under Investigation“ in December 2020 and is defined by a set of 17 mutations the most significant being an N501Y mutation in the spike protein that the virus uses to bind to the human ACE2 receptor."
"287","2020-01-01","internetbasiert","Schleifen. RMM Metallbearbeitung GmbH, 2020-01-01","https://www.rmm-metallbearbeitung.de/know-how/schleifen/","[...] btn2_text_color=“#ffffff“ btn2_text_hovercolor=“#333333″ title_font_size=“desktop:18px;“ title_line_ht=“desktop:28px;“ btn_border_radius=“2″ btn1_heading_style=“font-weight:700;“ btn2_heading_style=“font-weight:700;“ css_dualbtn_design=“.vc_custom_1581678130098{margin-top: 0px !important;margin-bottom: 0px !important;padding-top: 0px !important;padding-bottom: 0px !important;}“ btn_width=“250″ btn1_font_family=“font_family:Roboto|font_call:Roboto|variant:700″ btn2_font_family=“font_family:Roboto|font_call:Roboto|variant:700″][/vc_column][/vc_row][vc_row equal_height=“yes“ bg_type=“bg_color“ bg_override=“full“ css=“.vc_custom_1572950423405{border-top-width: 50px !important;padding-bottom: 50px !important;}“][vc_column][vc_column_text css=“.vc_custom_1581677490237{margin-top: 30px !important;}“]Mehr als 1.000 m2 Produktionsfläche mit modernstem Maschinenpark und 20 qualifizierten Fachkräften machen uns somit zu einem produktiven und zuverlässigen Partner. [...]"
"288","2020-11-01","internetbasiert","Die VW Golf Familie. Autohaus Vögler, 2020-11-01","https://voegler.de/auto-kaufen/neuwagen-modelle/die-golf-familie","Kurzum: Der Golf Variant zeigt sich dynamisch in Form."
"289","2020-02-07","internetbasiert","Google Pixel 4a soll mit Snapdragon 730 und ohne 5G erscheinen. Caschysblog, 2020-02-07","https://stadt-bremerhaven.de/google-pixel-4a-soll-mit-snapdragon-730-und-ohne-5g-erscheinen/","weiß man ob auch wieder eine XL variante erscheinen wird? das hier wäre mir dann doch zu klein."
"290","2020-08-01","internetbasiert","KFZ-Steuer VW Passat. repareo.de, 2020-08-01","https://www.repareo.de/kfz-steuer-vw-passat/","KFZ-Steuer VW Passat Variant 1.9 TDI"
"291","2020-01-01","internetbasiert","Matador MPS 400 Variant All Weather 2 195/75 R16 10 R. Autoreifenfinder, 2020-01-01","https://www.autoreifenfinder.ch/matador/mps-400-variant-all-weather-2/195-75-r16-10r-105304/","Matador MPS 400 Variant All Weather 2 ( 195/75 R16C 107/105R 8PR)"
"292","2020-09-21","internetbasiert","Jetzt bestellbar: Der neue VW Golf Variant. Autohaus Stoppanski, 2020-09-21","https://www.stoppanski.de/news/golf-variant-bestellbar/","Volkswagen zeigt in einer Weltpremiere den neuen Golf Variant:"
"293","2020-01-01","internetbasiert","Volkswagen VW 411. vw-411.de, 2020-01-01","http://vw-411.de/Testberichte-1968/Volkswagen-VW-411/","Test VW 411 E Limousine Fahrbericht VW 411 LE Variant VW 411 LE Variant - Das Raumschiff fürs Volk Vergleichstest:"
"294","2020-01-03","internetbasiert","Puky Pukylino My First Puky rose | Kinderhaus Blaubär. kinderhaus-blaubaer.de, 2020-01-03","https://www.kinderhaus-blaubaer.de/puky-pukylino-my-first-puky-rose_31056_43703","[...] { _tsRatingConfig = { tsid : 'X0C74C395F78C2D0663798C126CCFC286', element : '#ts_review_sticker', variant : 'testimonial', reviews : '5', betterThan : '3.0', richSnippets : 'on', backgroundColor : '#FFDC0F', linkColor : '#000000', quotationMarkColor : '#FFFFFF', fontFamily : 'Arial', reviewMinLength : '10' }; var scripts = document.getElementsByTagName('SCRIPT'), me = scripts[scripts.length - 1]; var _ts = document.createElement('SCRIPT'); _ts.type = 'text/javascript'; _ts.async = true; _ts.src = '//widgets.trustedshops.com/reviews/tsSticker/tsSticker.js'; me.parentNode.insertBefore(_ts, me); _tsRatingConfig.script = _ts; })(); [...]"
"295","2018-02-18","internetbasiert","Was wollt Ihr denn noch?. Autonotizen, 2018-02-18","https://autonotizen.de/fahrberichte/opel-insignia-2-0-turbo-sports-tourer-alltagstest-fotos-daten-preis-verbrauch","Das ist zwar deutlich weniger als man in einen Skoda Superb Combi oder den VW Passat Variant einladen kann, sollte aber für die meisten Fälle mehr als ausreichend sein."
"296","2020-05-12","internetbasiert","Roulette-Tisch. Roulette Strategien, 2020-05-12","https://www.roulette-strategien.com/roulette-tisch/","Roulette bietet verschiedene Einsatzmöglichkeiten, diese unterscheiden sich auch je nach Variant."
"297","2019-04-09","internetbasiert","Autohaus Seifert | Annaberg-Buchholz | Volkswagen | VW Nfz | Audi. Autohaus Seifert GmbH, 2019-04-09","https://www.vw-seifert.de/","Golf Variant Life 2.0 TDI 6G"
"298","2020-01-01","internetbasiert","Volkswagen VW 411. vw-411.de, 2020-01-01","http://vw-411.de/Testberichte-1968/Volkswagen-VW-411/","Test VW Variant 411 LE Tests Neue Modelle - VW 411 E Variant Rainer Günzler-Autotests VW 411 Testberichte 1970 Vergleichstest Variant 1600 - Variant 411:"
"299","2019-04-02","internetbasiert","Schaltgetriebe Archive - Auto ROC. Auto ROC, 2019-04-02","http://autoroc.at/gear-type-short/schaltgetriebe/","VW Golf Variant 2,0 TDI 4Motion Zum Verkauf angeboten wird ein VW GOLF VARIANT 2.0TDI 4-MOTION, in der Farbe INDIUMGRAU-METALLIC, ......."
"300","2020-01-30","internetbasiert","Schwarzwald: Alle Infos für deine Wanderung auf dem Albsteig. Phototravellers.de, 2020-01-30","https://phototravellers.de/schwarzwald-wanderung-albsteig/","Ich plane meine Wanderung auf dem Albsteig im September, frage mich jetzt ob ich die Ost oder West variante wandern soll (aus Zeitnot kann ich nur eine der beiden)……..was denkt ihr?"
"301","2018-04-14","internetbasiert","DGAP-News SOFTWARE AG ERHÖHT AUSBLICK 2018 FÜR IOT & CLOUD. 0800hardware.de, 2018-04-14","http://0800hardware.de/dgap-news-software-ag-erhoeht-ausblick-2018-fuer-iot-cloud/","The ease of use of a Nano board with the addition of secure IoT and BT connectivity Small (45mm x 18mm), robust and powerful board; 3.3V variant of the Nano family."
"302","2020-02-13","internetbasiert","Yanduu - Suchmaschinenoptimierung und Webdesign in Dresden. yanduu.de, 2020-02-13","https://www.yanduu.de/Suchmaschinenoptimierung-Dresden","Social Media Marketing erlaubt mit Bilden, Videos, Artikeln und etlichen varianten mehr aktiv in dem Fokus Ihrer Zielgruppe zu sein."
"303","2020-01-27","internetbasiert","VW Getriebe Preisvergleich: Austauschgetriebe & Getriebeinstandsetzung. GetriebeCheck, 2020-01-27","https://www.getriebecheck.de/vw-getriebe/","Der neue Golf Variant lag im Jahresdurchschnitt bereits bei über 10 Prozent."
"304","2018-06-01","internetbasiert","Das Plusenergiehaus – Ihr Fertighaus als Stromerzeuger. Hanse Haus, 2018-06-01","https://www.hanse-haus.ch/de/hanse-haus-qualitaet/minergie-haus/","In umserem Musterhauspark in Oberleichtersbach können Sie ein solches Passivhaus besichtigen: das Fertighaus Variant 192."
"305","2020-01-11","internetbasiert","Ad Assets | my-exodus.de. Exodus Gaming, 2020-01-11","http://my-exodus.de/ad-assets/","Dunkelgraue Schrift Unser logo in der SVG variante für eine verlustfreie größenänderung"
"306","2020-01-01","internetbasiert","Serienfertigung. RMM Metallbearbeitung GmbH, 2020-01-01","https://www.rmm-metallbearbeitung.de/know-how/serienfertigung/","[...]333333″ icon=“none“ icon_size=““ btn_icon_pos=“ubtn-sep-icon-right-rev“ btn_border_style=“solid“ btn_color_border=“#ffffff“ btn_color_border_hover=“#ffffff“ btn_border_size=“2″ btn_radius=“2″ btn_font_style=“font-weight:700;“ css_adv_btn=“.vc_custom_1572949728024{margin-top: 0px !important;margin-bottom: 0px !important;padding-top: 0px !important;padding-bottom: 0px !important;}“ btn_font_size=“desktop:18px;“ btn_line_height=“desktop:28px;“ btn_font_family=“font_family:Roboto|font_call:Roboto|variant:700″][/vc_column][/vc_row] [...]"
"307","2020-07-19","internetbasiert","Was für ein Steckverbinder ist das? Ersatzteilversand. forum.electronicwerkstatt.de, 2020-07-19","https://forum.electronicwerkstatt.de/phpBB/Historische_Technik/was_fuer_ein_steckverbinder_ist_das-t107334f45_bs0.html","und die variante mit 5 stiften auf zwei reohen...diese verwende ich heute noch. auch wie das genannte system."
"308","2019-06-02","internetbasiert","gewohnheiten, gehirn und geduld: wie daraus impulskontrolle wird -. denktier.at, 2019-06-02","https://www.denktier.at/gewohnheiten-gehirn-und-geduld-wie-daraus-impulskontrolle-wird","oftmals würde er dazu die aktivierung des großhirns brauchen, die entdeckung von einer oder mehreren anderen varianten, sich in der selben situation anders zu verhalten."
"309","2020-08-03","internetbasiert","Variant 3519 TB | 361x185cm - 3,5t | Dreiseitenkipper Anhänger mit Blattfederung & Stahlgitteraufsatz. PKW-Anhänger kaufen bei P+P Anhängercenter | Wohnmobil Vermietung & Anhängervermietung, 2020-08-03","http://www.ppanhaengercenter.com/store/p796/Variant-3519-TB-Dreiseitenkipper-Stahlgitteraufsatz.html","Variant 3519 TB | 361x185cm - 3,5t | Dreiseitenkipper Anhänger - Blattfederung mit Stahlgitteraufsatz"
"310","2020-07-16","internetbasiert","Telefonleitung mit Post-Codierung Ersatzteilversand. forum.electronicwerkstatt.de, 2020-07-16","https://forum.electronicwerkstatt.de/phpBB/Telekommunikation/telefonleitung_mit_post_codierung-t58585f50_bs0.html","Also genau die Leitungen die auch die T-COM verbaut, am besten auch die (ST) variante mit Aluschirm."
"311","2020-12-17","internetbasiert","535. Nordrhein-Westfalen, das „Corona“-Narrativ und der riskante genetische Impfstoff. Sägefisch, 2020-12-17","https://jacquesauvergne.wordpress.com/2020/12/17/535/","COVID-19: ‚This is deadly serious‘ – New coronavirus variant ‚out of control‘, health secretary warns"
"312","2020-10-05","internetbasiert","Bodenarbeitsseil Dünn - Prices from 51.60 to 58.75. Bataliru, 2020-10-05","https://bataliru.de/products/bodenarbeitsseil-dunn-prices-from-51-60-to-58-75","[...] Einloggen Einkaufswagen Home Hund Hund Menü Hund Alles Halsbänder Leinen Anhänger Pferde Pferde Menü Pferde Alles Arbeitsseile Halsringe Knotenhalfter Zügel Anhänger Mensch Messanleitung Messanleitung Menü Messanleitung Hundehalsband Knotenhalfter Material & Farben Material & Farben Menü Material & Farben Material Farben Gutschein Alle Produkte Bodenarbeitsseil Dünn - Prices from 51.60 to 58.75 Normaler Preis €51,60 Sonderpreis €51,60 Angebot inkl. MwSt. zzgl. Versandkosten Title Variant for price 51.6 Variant for price 52 Variant for price 52.1 Variant for price 52.2 Variant for price 52.45 Variant for price 52.55 Variant for price 52.65 Variant for price 53.05 Variant for price 53.15 Variant for price 53.25 Variant for price 53.5 Variant for price 53.6 Variant for price 53.7 Variant for price 54.1 Variant for price 54.2 Variant for price 54.55 Variant for price 54.65 Variant for price 54.75 Variant for price 55.15 Variant for price 55.25 Variant for price 55.6 Variant for price 55.7 Variant for price 56.2 Variant for price 56.65 Variant for price 56.75 Variant for price 57.25 Variant for price 57.7 Variant for price 58.75 Variant for price 51.6 Variant for price 52 Variant for price 52.1 Variant for price 52.2 Variant for price 52.45 Variant for price 52.55 Variant [...]"
"313","2018-08-15","internetbasiert","Variant 45-145 von Hanse Haus | Fertighaus.de. Fertighaus.de, 2018-08-15","https://www.fertighaus.de/haeuser/hanse-variant45145/","Elegant, modern oder klassisch – das Variant 45-145 können Sie mit unterschiedlichen Farb- und Materialkombinationen genau nach Ihrem Geschmack gestalten."
"314","2018-08-27","internetbasiert","Raptor. Comic-Couch.de, 2018-08-27","https://www.comic-couch.de/titel/raptor/","Für die „Limited Variant Edition“ muss man allerdings tiefer in die Tasche greifen."
"315","2018-06-01","internetbasiert","Verwirklichen Sie Ihr persönliches Traumhaus. Hanse Haus, 2018-06-01","https://www.hanse-haus.ch/de/architektur/haeuser/","Der Haustyp Variant mit Satteldach, das Vita Pultdachhaus, das Cubus Haus mit Flachdach oder die Villa mit Zelt- oder Walmdach – sie alle dienen als Basis für Ihr individuelles Traumhaus."
"316","2019-06-13","internetbasiert","ERP Maschinenbau | NEWA Systemhaus GmbH. NEWA Systemhaus GmbH, 2019-06-13","https://newa.de/erp/erp-maschinenbau/","Hierbei haben Sie es mit Prototypen, varianten Ausstattungsmerkmalen und nachgelagertem Service zu tun."
"317","2019-11-28","internetbasiert","Volkswagen Golf Variant MFH Mehrmarken Fahrzeughandel - Neuwagenvermittlung-24. Osna-Autos, 2019-11-28","https://www.mfh-autos.de/liste-volkswagen-golf-variant-a__46671_alle.php","Volkswagen Golf Variant 8 Style 2,0 TDI 110KW ACC Winter 2023 Bestellung ab Werk"
"318","2019-07-22","internetbasiert","Fahrzeug Detailsuche | Autohaus Wildi OHG. Autohaus Wildi OHG, 2019-07-22","https://auto-wildi.de/fahrzeugbestand/fahrzeug-detailsuche/","[...] WeltAuto Fahrzeuge Fahrzeugbestand Inzahlungnahme und Ankauf Garantieverlängerung Kaufpreisschutz Spezielle Zielgruppen Probefahrt SALE Alle Aktionen Privatkunden Aktionen Gewerbekunden Aktionen Service-Aktionen E-Mobilität E-Fahrzeugbörse Zuhause Laden E-Förderung E-Lexikon Probefahrt Service Leistungsspektrum Service-Angebote Wartung & Inspektion Ersatzwagen Mietwagen Notdienst Teile & Zubehör Aufbereitung myAudi Servicetermin Unternehmen Ansprechpartner Unternehmen Karriere & Ausbildung Kontakt × Fahrzeugbestand Fahrzeug Detailsuche Detailsuche - Fahrzeug(e) gefunden Fahrzeugtyp Bauart Cabrio/Roadster Kleinwagen Kombi Limousine Sportwagen/Coupé SUV/Geländewagen/Pickup Van/Kleinbus Fahrzeugart Gebrauchtfahrzeug Jahreswagen Tageszulassung Vorführfahrzeug Allgemeine Angaben Marke Audi Cupra Ford Seat Skoda Volkswagen Modell A1 Alhambra Arona Arteon Ateca Born Fabia Fiesta Formentor Golf Golf Sportsvan Ibiza ID.3 Karoq Kodiaq Leon Octavia Passat Variant Polo Q2 Sharan T-Cross T-Roc T5 Multivan T6 Multivan Taigo Tarraco Tiguan Tiguan Allspace Touareg Touran Aktionen Standort Riedstraße Getriebe Automatik Schaltgetriebe Alle Kraftstoffe Benzin Diesel Elektro Hybrid (Benzin/Elektro) [...]"
"319","2020-07-31","internetbasiert","Bewegungsmelder in Kreuzschaltung die Xte Ersatzteilversand. forum.electronicwerkstatt.de, 2020-07-31","https://forum.electronicwerkstatt.de/phpBB/Elektroinstallation/bewegungsmelder_in_kreuzschaltung_die_xte-t64874f17_bs0.html","Die Schaltung wie du sie vorhast wird immer einen Haken haben... entweder du nimmst den geschalteten Aussenleiter vom Bewegungsmelder und verbindest sie mit dem Lampendraht der Kreuzschaltung -> allerdings wird dann des öfteren vergessen werden das Licht abzudrehen... oder du rüstest um auf die schon besprochene variante mit den öffnern... (gute Lösung) oder du schaltest mit dem BWM eine eigene Lichtquelle... oder du bastelst dir mit Zeitrelais/Schütz/Stromstoßschalter was schönes..."
"320","2020-01-01","internetbasiert","Der Volkswagen Golf Variant: Der Allrounder. heisel.de, 2020-01-01","https://www.heisel.de/der-volkswagen-golf-variant-der-allrounder/","Das alles bietet Ihnen der Golf Variant im Inneren."
"321","2020-08-02","internetbasiert","drehzahlregelung wechseltrommotor Ersatzteilversand. forum.electronicwerkstatt.de, 2020-08-02","https://forum.electronicwerkstatt.de/phpBB/Elektrische_Probleme/drehzahlregelung_wechseltrommotor-t98742f6_bs0.html","Aber bevor ich einen teuren Lüfter hol probier ich mal die 9 euro variante. meine gelddruck maschine ist nämlich zur zeit defekt"
"322","2018-08-05","internetbasiert","Agency 03. rcp-vermietung.at, 2018-08-05","https://www.rcp-vermietung.at/de/demos/agency/agency-02/agency-03.html","News News Variante 2 Lorem ipsum dolor sit amet, consetetur sadipscing elitr"
"323","2018-09-13","internetbasiert","Toni Nadal Excellence. 54520401.swh.strato-hosting.eu, 2018-09-13","http://54520401.swh.strato-hosting.eu/Toni-Nadal-Excellence/","Since 2018 it has been possible for him to be certified by a one-year training system.Toni Nadal, together with his training partner WorldMastery, offers two different levels and an Excellence variant of the certificate, the latter being the highest training level."
"324","2020-01-07","internetbasiert","Unsere Fahrzeugbörse - Autohaus Marnet. Autohaus Marnet, 2020-01-07","https://www.marnet.de/fahrzeugboerse/","Volkswagen Golf VII Variant 1.0 TSI Trendline Klima Tempomat Start/Stopp (Angebot: VTI54273)"
"325","2020-01-01","internetbasiert","Entdecken Sie den VW Passat Variant im Volkswagen Zentrum Pillenstein an der Stadtgrenze Nürnberg/Fürth. ✅Neu- und ✅Gebrauchtwagen ✅kaufen / ✅leasen. Jetzt Probefahrt vereinbaren!. https://www.pillenstein.de/, 2020-01-01","https://www.pillenstein.de/autos/vw-pkw/neuwagen/passat-variant/","Jederzeit Informationen abrufen, ohne den Kopf zu drehen - das Head-up-Display projiziert Ihnen die gewünschte Daten direkt in Ihr Sichtfeld auf die Windschutzscheibe Ihrs Passat Variant."
"326","2020-09-07","internetbasiert","Kieferorthopädie Langenberg | KFO Mettmann | Dr. Reinke. Dr. Ellen Reinke, Kieferorthopädin, 2020-09-07","https://www.kfo-mettmann.de/kieferorthopaedie-langenberg/","Eine nahezu unsichtbare variante stellt das Invisalign®-System dar."
"327","2018-07-13","internetbasiert","Samsung Galaxy S10 könnte deutlich billiger werden. Testberichte, News, Tablets & Smartphones, 2018-07-13","https://www.appdated.de/2018/07/samsung-galaxy-s10-das-groesste-modell-bekommt-die-meisten-linsen/","According to The Bell, the most powerful Galaxy S10 variant, the Galaxy S10 Plus, will ship with a 6.44-inch display*, while the entry-level model may sport a 5-inch panel."
"328","2020-11-09","internetbasiert","Neuer VW Golf Alltrack Fahrbericht 2021 Golf 8 Variant - Autogefühl. Autogefühl, 2020-11-09","https://www.autogefuehl.de/2020/11/09/neuer-vw-golf-alltrack-fahrbericht-2021-golf-8-variant/","Damit übernimmt die neue Golf-Generation beim Variant den Radstand und die Länge von Skoda Octavia und Seat Leon (jeweils in der neuen Generation)."
"329","2020-02-28","internetbasiert","VW Passat Variant Polizei Lübeck CSD. Modellsammlung.de, 2020-02-28","http://www.modellsammlung.de/modelle/vw-passat-variant-polizei-luebeck-csd/","Automarke: Volkswagen Modell: Passat Variant Organisation: Polizei Verwendung: Streifenwagen Kennung:"
"330","2020-01-01","internetbasiert","Gitteraufsatz PDK. Koch Anhängerwerke, 2020-01-01","https://www.kochanhaengerwerke.de/et-shop/gitteraufsatz-pdk","Variant Heckkipper Variant 168x320cm 2,7t | E-Pumpe | Rampen | Gitter | Aktion"
"331","2020-08-01","internetbasiert","Limited Edition Jewellery. sebastianneeb.de, 2020-08-01","https://www.sebastianneeb.de/jewellery/","In the end, a unique variant of the ring is created."
"332","2019-01-05","internetbasiert","ARBEITEN | Bögli Bräu. Bögli Bräu, 2019-01-05","https://www.xn--bglibru-bxa0n.ch/arbeiten","Gute variante um dem Winter etwas entgegen zu wirken 5.2 % - Lager Bögli Bräu SUD NR.63 untergährig Ein gutes bekanntes Lagerbier aus dem Hause Bögli Bräu. ein mildes und süffiges bier, welches eigentlich immer getrunken werden kann."
"333","2020-08-01","internetbasiert","Ladeschaltung für 6V Bleiakku mit Ladeabschaltung - Schaltplan gesucht Ersatzteilversand. forum.electronicwerkstatt.de, 2020-08-01","https://forum.electronicwerkstatt.de/phpBB/Projekte_im_Selbstbau/ladeschaltung_fuer_6v_bleiakku_mit_ladeabschaltung_schaltplan_gesucht-t37910f34_bs0.html","[...] dort kümmert sich nicht mal eien anzeige wenn der akku voll ist - bleiakus hören sozusagen von selbst zu laden auf wenns voll sind bei konstantspannung...) welche Kapazität hat der 6V akku etwa? bei einigen x Ah is des problem beim regler, da man dann eigentlich kaum noch linearregler verwenden sollte um nicht einen würstelkocher als ladegerät zu bekommen, ich betreibe nach variante a) ein ladegerät für akkus von 2-12V und kapazitäten von ""0""-20Ah (eigentlich könnte man sicherlich auch 100Ah laden, nur die ladezeit mit 2A ladestrom is nicht so toll :D) bis jetzt is mit dem teil noch kein akku kaputt gworden;) [...]"
"334","2020-11-09","internetbasiert","Neuer VW Golf Alltrack Fahrbericht 2021 Golf 8 Variant - Autogefühl. Autogefühl, 2020-11-09","https://www.autogefuehl.de/2020/11/09/neuer-vw-golf-alltrack-fahrbericht-2021-golf-8-variant/","Der VW Golf 8 ist natürlich auch wieder als Variant / Kombi erhältlich, nun mit längerem Radstand als der Golf Hatch."
"335","2020-08-05","internetbasiert","Odoo SIX Integration - pits GmbH | Professional IT Services. Pits Gmbh | Professional It Services, 2020-08-05","http://pits.at/2020/08/05/odoo-six-integration/","Mit dieser variante ist es auch möglich den odoo Server extern bei einem Hostingprovider zu betreiben und auf ein Lokales Terminal zuzugreifen."
"336","2018-01-24","internetbasiert","Systemhaus Carus setzt auf IoT. 0800hardware.de, 2018-01-24","http://0800hardware.de/systemhaus-carus-setzt-auf-iot/","Small (45mm x 18mm), robust and powerful board; 3.3V variant of the Nano family."
"337","2020-02-06","internetbasiert","VW News, Neuheiten & Hintergründe - Auto Magazin Autoblog. Auto Magazin Autoblog, 2020-02-06","https://www.auto-magazin.info/vw/","Mit dem neuen Passat Variant startet VW in die achte Generation und bietet mit dem Modell kein Facelift, sondern ein komplett neu gestaltetes Fahrzeug."
"338","2020-10-18","internetbasiert","Viren, Panikmache, Macht-Mißbrauch – die zweite Corona-Welle. Conservo, 2020-10-18","https://conservo.wordpress.com/2020/10/18/viren-panikmache-macht-missbrauch-die-zweite-corona-welle/","The consistency of this pattern was highly statistically significant, suggesting that the G614 variant may have a fitness advantage."
"339","2020-01-01","internetbasiert","Variant Hochlader Anhänger P3 3018 Comfort|175x315cm 3,0t. Koch Anhängerwerke, 2020-01-01","https://www.kochanhaengerwerke.de/angebote/variant-hochlader-anhaenger-p3-3018-comfort-175x315cm-3-0t","Produktinformationen ""Variant Hochlader Anhänger P3 3018 Comfort|175x315cm 3,0t"""
"340","2020-01-01","internetbasiert","Der Passat Variant: So souverän wie Sie. heisel.de, 2020-01-01","https://www.heisel.de/der-neue-passat-variant-so-souveraen-wie-sie/","Der Passat Variant präsentiert sich souverän in Design und Technik: eine perfekte Symbiose aus Komfort, Eleganz und Dynamik für Menschen, die im Leben Prioritäten setzen."
"341","2019-10-09","internetbasiert","Süßes oder Saures.... hummelellli.blogspot.com, 2019-10-09","https://hummelellli.blogspot.com/2019/10/sues-oder-saures.html","ich fand es vor einiger zeit auf dem sperrmüll und wollte es eigentlich wieder flott machen, aber es war doch kräftig hinüber, so dass das hier nun eine super variante ist. also weiß gestrichen, löcher in die böden gebohrt damit das regenwasser ablaufen kann, im wald moos geholt usw usw..."
"342","2020-01-01","internetbasiert","Lambdasonde. BERU Zündungsteile | BERU – Ihr Experte für Zündungstechnik, 2020-01-01","https://www.beruparts.de/find-my-part/9737677/beru-by-driv/exhaust-systems/lambdasonde/ozu022.pd.html","Marke Variante Motor Aktion {{fitment.make}} {{fitment.variant}} {{fitment.engine_display}}"
"343","2020-01-01","internetbasiert","Vezeko Gitter-Aufsatz 100cm für KONOS 251x177|Hakengerät. Koch Anhängerwerke, 2020-01-01","https://www.kochanhaengerwerke.de/baumaschinen/multikipper/vezeko-gitter-aufsatz-100cm-fuer-konos-251x177-hakengeraet","Variant Hochlader Anhänger P3 2018 Comfort | 175x315cm 2,0t"
"344","2019-11-20","internetbasiert","Jetzt Deinen VW verkaufen. wirkaufendeinauto.de, 2019-11-20","https://www.wirkaufendeinauto.de/autoverkauf/vw-verkaufen/","Die 1997 von Volkswagen eingeführte und Ende 2003 vom Golf 5 abgelöste vierte Generation gibt es in den Modellen R32, GTI, Cabriolet, Variant und anlässlich des 25. Golf Geburtstags auch als Sonderedition “Generation”."
"345","2020-03-22","internetbasiert","3-er sprudu foodü - jumi.lu das fixfertige fondue von jumi aus dem emmental. jumi.lu, 2020-03-22","https://jumi.lu/shop/heisser_kaese/sprudu-foodue-3er/","sprudu-foodü die exklusive variante mit dem leichten sprudel. in dieser mischung sorgt ein schweizer schaumwein aus dem jura für die nötige leichtigkeit und eleganz. als tauch-objekt kommt am besten ein frisches baguette zum zuge. als tipp, die mutigen rühren ein stück summerhimmu darunter für den zusätzlichen kick."
"346","2019-05-23","internetbasiert","Book of Ra kostenlos spielen Casino mit Startguthaben in Deutschland. kielspratineurope.eu, 2019-05-23","https://kielspratineurope.eu/category-spielen/19-05-2019-6795.php","Variant 1 Alternative 2."
"347","2020-08-12","internetbasiert","Kraftstoffpumpe VW Passat B6 Variant (3C5) 2.0 TDI 105 kW 143 PS (01.2009-11.2010) | 100711. Kempers.de, 2020-08-12","https://www.kempers.de/kraftstoffpumpe-vw-passat-b6-variant-3c5-3c0919050q/100711","Model: Passat B6 Variant (3C5)"
"348","2019-06-30","internetbasiert","VW Euro 5 Diesel Wechselprämie - Träger Autohaus GmbH in Hoym. traeger-autohaus.de, 2019-06-30","https://www.traeger-autohaus.de/vw-wechselprämie/","Passat, Passat Variant 5.250"
"349","2018-09-28","internetbasiert","enowa AG und iCD. stellen auf der „International SAP Conference for Chemicals“ ihre IoT-Anwendung „Connected Lab“ vor. enowa AG und iCD. stellen auf der „International SAP Conference for Chemicals“ ihre IoT-Anwendung „Connected Lab“ vor, 2018-09-28","http://0800hardware.de/enowa-ag-und-icd-stellen-auf-der-international-sap-conference-for-chemicals-ihre-iot-anwendung-connected-lab-vor/","Small (45mm x 18mm), robust and powerful board; 3.3V variant of the Nano family."
"350","2020-01-01","internetbasiert","VW Passat Variant: Vereint Innovation & Komfort. Volkswagen Österreich, 2020-01-01","https://www.volkswagen.at/service-zubehoer/vorgaengermodelle/passat-variant","Im Passat Variant erleichtern innovative Technologien den Alltag."
"351","2019-07-10","internetbasiert","Hilfe im Volkswagen Abgasskandal | Kostenlose Erstberatung. Dr. Lehnen & Sinnig Rechtsanwälte PartG mbB, 2019-07-10","https://www.lehnen-sinnig.de/abgasskandal/volkswagen/","VW Golf VII 1.6 TDI Variant (Euro 6)"
"352","2020-08-03","internetbasiert","Variant 3321 P6 | 615x205cm - 3,5t | Multitransporter - Hochlader. PKW-Anhänger kaufen bei P+P Anhängercenter | Wohnmobil Vermietung & Anhängervermietung, 2020-08-03","http://www.ppanhaengercenter.com/store/p829/Variant-3321P6-Hochlader-Tridem-Pkw-Anhaenger.html","Variant"
"353","2020-10-05","internetbasiert","Bodenarbeitsseil Dünn - Prices from 51.60 to 58.75. Bataliru, 2020-10-05","https://bataliru.de/products/bodenarbeitsseil-dunn-prices-from-51-60-to-58-75","[...] Variant for price 52.55 Variant for price 52.65 Variant for price 53.05 Variant for price 53.15 Variant for price 53.25 Variant for price 53.5 Variant for price 53.6 Variant for price 53.7 Variant for price 54.1 Variant for price 54.2 Variant for price 54.55 Variant for price 54.65 Variant for price 54.75 Variant for price 55.15 Variant for price 55.25 Variant for price 55.6 Variant for price 55.7 Variant for price 56.2 Variant for price 56.65 Variant for price 56.75 Variant for price 57.25 Variant for price 57.7 Variant for price 58.75 Variant for price 51.6 Variant for price 52 Variant for price 52.1 Variant for price 52.2 Variant for price 52.45 Variant for price 52.55 Variant for price 52.65 Variant for price 53.05 Variant for price 53.15 Variant for price 53.25 Variant for price 53.5 Variant for price 53.6 Variant for price 53.7 Variant for price 54.1 Variant for price 54.2 Variant for price 54.55 Variant for price 54.65 Variant for price 54.75 Variant for price 55.15 Variant for price 55.25 Variant for price 55.6 Variant for price 55.7 Variant for price 56.2 Variant for price 56.65 Variant for price 56.75 Variant for price 57.25 Variant for price 57.7 Variant [...]"
"354","2018-06-12","internetbasiert","einige gedanken zum in bälde startenden fußballweltturnier. fussballgedanken.de, 2018-06-12","https://www.fussballgedanken.de/einige-gedanken-zum-in-baelde-startenden-fussballweltturnier/","[...] während der starken quali hatten viele peruaner schon einen glückshormonoverkill, die form wurde aber eindrucksvoll gehalten und weiter ausgebaut; kroatien war absolut chancenlos in der freundschaftlichen begegnung zuletzt. fubito (die peruanische variante von futsal) liebt jeder im land, es wird aber traditionellerweise fünf gegen fünf oder sechs gegen sechs gespielt, auf betonplatz mit plastikball. das beeindruckende peruanische knowhow dieses faszinierenden fußballspiels konnte man nur in einer kurzen phase zwischen 1977 und 1983 auf einen großen platz transportieren (hugo sotil und teofilo als leuchttürme), dann nie wieder, bis vor wenigen jahren, als ausgerechnet ein argentinier kam und eine taktik entwickelte, die exakt das macht: fubito in groß. [...]"
"355","2019-03-06","internetbasiert","Neue IoT-Ansätze: Was wir von Start-ups lernen können. 0800hardware.de, 2019-03-06","http://0800hardware.de/neue-iot-ansaetze-was-wir-von-start-ups-lernen-koennen/","Small (45mm x 18mm), robust and powerful board; 3.3V variant of the Nano family."
"356","2019-03-07","internetbasiert","petri-heil.ch | Video. Dimastersoftware, 2019-03-07","https://petri-heil.ch/de/home/beitraege/video","Im Winter auf Uferegli Praxis | Video 28 | 10 | 2019 Griffith's Gnat Variant Praxis | Video 03 | 07 | 2019 Streamer-Bindeanleitung – Der Gamechanger Petri-Heil verwendet Cookies zur Unterstützung der Benutzerfreundlichkeit."
"357","2020-01-01","internetbasiert","21-600. isover.ch, 2020-01-01","https://www.isover.ch/de/solutions/21-600","Description Unité 1 Unité 2 Variant 1 Variant 2 Variant 3 Variant 4 Variant 5 Variant 6 Kassettenbreite b [mm] 333 333 333 333 333 333 CLADISOL 032 d [mm] 80 100 120 80 100 120 PB F 030 d [mm] 80 80 80 100 100 100 Wärmeschutz im Winter und Sommer * * * * * * Wärmedurchgangskoeffizient:"
"358","2020-12-20","internetbasiert","Der Siebte Stamm COVIDS – Absurder Unfug über eine “neue SARS-CoV-2 Variante”. SciFi, 2020-12-20","https://sciencefiles.org/2020/12/20/der-siebte-stamm-covids-absurder-unfug-uber-eine-neue-sars-cov-2-variante/","“It is frustrating to have claims like this made without the associated evidence presented for scientific assessment and the variant remains to be officially announced.”"
"359","2019-08-02","internetbasiert","Italiener-Radweg: Stadt Lienz favorisiert „Variante 1“. Dolomitenstadt, 2019-08-02","https://www.dolomitenstadt.at/2019/08/02/italiener-radweg-stadt-lienz-favorisiert-variante-1/","alles gut und recht - und wie bitte? seits den italiensichen radlwahnsinn gibt gibts auch die querung der amlacherstraße. stimmt schon, im prinzip ginge das ganz einfach: alle radfahrer halten sich an verkehrsregeln und fahren zb nicht mit ihren rädern über fußgängerübergange - dann wärs quasi nimma gfährlich. zurück zu variante 5: es wird immer von kaufen geredet - wieso nicht pachten? am haidenhof wohnen leute auch in wohnungen, die auf gepachtetem grund errichtet wurden"
"360","2020-06-24","internetbasiert","Shooting Brake statt Variant?. Autonotizen, 2020-06-24","https://autonotizen.de/neuigkeiten/vw-arteon-facelift-shooting-brake-modelljahr-2021","Neben der Fließhecklimousine mit großer Heckklappe bringt VW auch den Arteon Shooting Brake als dynamischere Alternative zum Passat Variant."
"361","2019-02-28","internetbasiert","Partnerschaft zwischen Mobilnetzbetreibern wird geschmiedet, um global vernetzte IoT-Cloud-Lösung bereitzustellen. 0800hardware.de, 2019-02-28","http://0800hardware.de/partnerschaft-zwischen-mobilnetzbetreibern-wird-geschmiedet-um-global-vernetzte-iot-cloud-loesung-bereitzustellen/","The ease of use of a Nano board with the addition of secure IoT and BT connectivity Small (45mm x 18mm), robust and powerful board; 3.3V variant of the Nano family."
"362","2020-01-01","internetbasiert","Variant Hochlader Anhänger P3 3018 Comfort|175x315cm 3,0t. Koch Anhängerwerke, 2020-01-01","https://www.kochanhaengerwerke.de/angebote/variant-hochlader-anhaenger-p3-3018-comfort-175x315cm-3-0t","Weiterführende Links zu ""Variant Hochlader Anhänger P3 3018 Comfort|175x315cm 3,0t"""
"363","2020-12-31","internetbasiert","VW Golf EU Neuwagen | Jütten und Koolen. Jütten und Koolen, 2020-12-31","https://www.juetten-koolen.de/fahrzeuge/eu-neuwagen/VW-Golf/1","Mit dem Golf Sportsvan und dem Golf Variant haben Sie unzählige Möglichkeiten Ihr Leben zu gestalten."
"364","2020-01-01","internetbasiert","Variant Heckkipper TR 3500 XL7 170x360x110cm 3,5t. Koch Anhängerwerke, 2020-01-01","https://www.kochanhaengerwerke.de/kipper/rueckwaertskipper/variant-heckkipper-tr-3500-xl7-170x360x110cm-3-5t","Variant Heckkipper Variant 168x320cm 2,7t | E-Pumpe | Rampen | Gitter | Aktion"
"365","2020-07-30","internetbasiert","Volkswagen Passat Variant 2,0 TDI BM Highline - KFZ Brüning. KFZ Brüning, 2020-07-30","https://www.bruening-kfz.de/fahrzeuge/volkswagen-passat-variant-20-tdi-bm-highline/","Volkswagen Passat Variant 2,0 TDI BM Highline"
"366","2019-01-02","internetbasiert","Kleeblatt. Wordpressdotcom, 2019-01-02","https://peschka.at/2019/01/02/kleeblatt/","[...] blog/texte andere seiten prosabruch kalser seelenwanderung bohumil und barnabas die frau des schneckenkönigs sterntaler hedwig in der nische donauwalzer (varianten) personal favorite oe1.orf.at texte für oe1.orf.at johnny be good alte texte bild/text/ton mit michael hedwig mit oskar stocker mit rudolf jungwirth mit ella raidel bilder bücher watschenmann fannipold autolyse wien publikationsliste termine ein paar rezensionen rezensionen tddl 2017 über mich impressum Kleeblatt 02/01/2019 (c) Oskar Stocker vier blätter vier wünsche vor uns ein gutes jahr Teilen Sie dies mit: Facebook E-Mail Twitter Pinterest Drucken WhatsApp Gefällt mir: Gefällt mir Wird geladen... Ähnliche Beiträge Posted by Karin Peschka Filed in 2019 , bilder , mit oskar stocker Kommentare deaktiviert für Kleeblatt Allen alles und das Beste für jede und jeden Friendly Quotes: Stuart Ross – Subtitels Blog folgen Dem Blog folgen Suche nach: – – – – – – – – – – – – – – – – – – – – Bloggen auf WordPress.com. Veröffentlichen auf Abbrechen An E-Mail-Adresse senden Dein Name Deine E-Mail-Adresse Abbrechen Beitrag nicht abgeschickt - E-Mail Adresse kontrollieren! [...]"
"367","2018-09-04","internetbasiert","die bären sind los. frauangorafrosch.blogspot.com, 2018-09-04","https://frauangorafrosch.blogspot.com/2018/09/die-baren-sind-los.html","[...] und gesicht des bären. der weisse körper und der schwarze bauch sind aus jersey appliziert. die hose ist aus einem resten sommersweat entstanden. aus dem stoff hatte ich mir letzten herbst einen gerne getragenen hoodie genäht. auf ein bündchen/saum habe ich beim bein ganz verzichtet und (wie auch beim shirt) einfach den stoff zwei mal umgeschlagen und mit ein paar stichen fixiert. für das outfit habe ich mich an ein paar neuen, runden labeln versucht - selbstgemacht aus snappap und brauner flexfolie. ich liebäugle aber schon mit der professionellen variante aus leder von dortex.ch. zuerst muss ich aber weiter am logo feilen, denn so ganz zufrieden bin ich damit noch nicht. bis es soweit ist brauche ich meine langen namenszug-label auf oder mach mir die runden eben selbst. die klamotten waren in diesem sommer ständig im einsatz. oft zusammen, manchmal aber auch einzeln. zum glück lassen sich die beiden dank der neutralen farben und muster bestens kombienieren. __________________________ schnitte: freebook minimoon / star snap aus der ottobre 3/2014 stoffe: grauer jersey und blauer sommersweat über stoffherz plott: paul und [...]"
"368","2019-06-18","internetbasiert","Genua 4 Silber. Barhocker & Stühle, 2019-06-18","https://www.barhocker-und-stuhle.de/produkt/genua-4-silber/","Sehr preiswertes Tischuntergestell Genua aus Aluminium Variant mit 4 Füße, damit geeignet für Tischplatten bis zum 80 cm (siehe Beschreibung für weitere Spezifikationen) Standfest und stabil Geeignet für den Außenbereich Nach Wahl silberfarbene oder schwarze Pulverbeschichtung"
"369","2020-10-19","internetbasiert","Blog - Mankala. Mankala, 2020-10-19","https://mankala.de/blog/","Hier findest Du die Spielregeln von Badari, einer Bohenspiel variante aus der ehemaligen DDR Badari Spielbrett:"
"370","2020-11-16","internetbasiert","VWs Elektro-Kombi kommt erst 2023, dafür mit 700 Kilometer Reichweite. ecomento.de, 2020-11-16","https://ecomento.de/2020/11/16/vw-elektroauto-kombi-aero-b-space-vizzion-2023-700-kilometer-reichweite/","(golf variant, oktavia variant, A4 variant)."
"371","2020-02-28","internetbasiert","meine-wiking-welt - Passat Variant IV. meine-wiking-welt.eu, 2020-02-28","https://www.meine-wiking-welt.eu/pkw/volkswagen/passat-variant-iv/","VW Passat Variant 043 W 1995 grün, IE mit separiertem Lenkrad eisengrau, Innenspiegel Teil der Verglasung, plastische Scheibenwischer + Heckwischer, 2 Außenspiegel in Wagenfarbe, Frontscheinwerfer + Blinker klartransparent + Rückleuchten rottransparent eingesetzt, mit plastische Dachreling in Wagenfarbe, VW-Logo silbern, Seitliche Stoßleiste schwarz, Räder zweiteilig Alufelgen mit aufgezogenen Reifen, Bodenplatte schwarz, Bodenprägung modernes Wiking-Logo + ""VW"" + ""Passat"" + ""Berlin-W"" + ""Germany""."
"372","2018-06-01","internetbasiert","Haben Sie Fragen?. Hanse Haus, 2018-06-01","https://www.hanse-haus.ch/de/fuer-sie/mediathek/360-grad-touren/","360°-Rundgang: Variant 25-198"
"373","2020-05-31","internetbasiert","Problem nordvpn Land wählen – Nordvpn | Werbecode. Bester VPN-Vergleicher, 2020-05-31","http://minecraftopia.de/problem-nordvpn-land-wahlen-nordvpn-werbecode/","Oder abonnementtransaktion gemeldet und die nutzer gespeichert hatte man eine kostenfreie variante des tap-adapters, das vpn bietet nordvpn in anspruch genommene leistungen, telekommunikations-, rundfunk-und habe schon länger die server und eine technologie, hohen serveranzahl des ganzen zu bieten kostenlose probe-abo noch nicht gesetzlich verordneter."
"374","2018-01-06","internetbasiert","8K, IoT und Elektroautos auf der CES: Las Vegas zeigt, was uns dieses Jahr erwartet. 0800hardware.de, 2018-01-06","http://0800hardware.de/8k-iot-und-elektroautos-auf-der-ces-las-vegas-zeigt-was-uns-dieses-jahr-erwartet/","Small (45mm x 18mm), robust and powerful board; 3.3V variant of the Nano family."
"375","2018-09-15","internetbasiert","Ärger um Häcksler-Einsatz - LZonline. landeszeitung.de, 2018-09-15","https://www.landeszeitung.de/blog/lokales/1883662-bauern-bienen","Auch wenn es hier niemand gern hört , aber der Einsatz des totalherbizt glyphosat wäre in jedem Falle nützlingsschonender gegenüber aller nechanischen varianten gewesen !"
"376","2019-04-04","internetbasiert","Q1 2019: Tesla liefert 31 Prozent weniger Elektroautos als im Vorquartal aus. ecomento.de, 2019-04-04","https://ecomento.de/2019/04/04/q1-2019-tesla-liefert-31-prozent-weniger-elektroautos-als-im-vorquartal-aus/","Wird genügend deckungsbeitrag generiert wenn überwiegend SR varianten gebaut werden ?"
"377","2019-11-28","internetbasiert","Danke 5 - Bauantrag24 - Wie viel kostet mein Bauantrag?. Bauantrag24 - Wie viel kostet mein Bauantrag?, 2019-11-28","https://www.bauantrag24.net/danke-5/","[...]“ bg_color_value=“#1f365c“][vc_column width=“1/3″][stat_counter icon=“Defaults-star“ icon_size=“32″ icon_color=“#ffffff“ icon_style=“circle“ icon_position=“left“ counter_title=“Jahre Erfahrung“ counter_value=“10+“ counter_suffix=“+“ speed=“3″ el_class=“accent-icon-bg“ title_font=“font_family:Open Sans Condensed|font_call:Open+Sans+Condensed|variant:700″ title_font_style=“font-weight:700;“ counter_color_txt=“#ffffff“ desc_font=“font_family:Open Sans Condensed|font_call:Open+Sans+Condensed|variant:700″ desc_font_style=“font-weight:700;“ title_font_size=“desktop:20px;“ title_font_line_height=“desktop:26px;“ desc_font_color=“#ffffff“ css_stat_counter=“.vc_custom_1563706006845{margin-top: 50px !important;margin-right: 0px !important;margin-bottom: 0px !important;margin-left: 0px !important;padding-top: 0px !important;padding-right: 0px !important;padding-bottom: 0px !important;padding-left: 0px !important;}“ desc_font_size=“desktop:70px;“ desc_font_line_height=“desktop:70px;“][/vc_column][vc_column [...]"
"378","2019-09-17","internetbasiert","Divi Kontaktformular: Überblick, Anleitung, Problemlösungen. Divi.World, 2019-09-17","https://divi.world/divi-kontaktformular","Variante 3: Duplicate Post"
"379","2018-02-06","internetbasiert","Motoraufhängung Motorlager Motor Lager Getriebe Audi Seat Skoda VW Golf 4 Beetle. netspares.de, 2018-02-06","https://netspares.de/Auto-Ersatzteile/Motor-Motorteile/Motoraufhaengung-Motorlager-Motor-Lager-Getriebe-Audi-Seat-Skoda-VW-Golf-4-Beetle::3595.html","[...] 08.97-06.05 110 150 1781 VW GOLF IV (1J1) 2.0 07.98-05.04 85 115 1984 VW GOLF IV (1J1) 1.9 TDI 10.97-05.04 66 90 1896 VW GOLF IV (1J1) 1.9 TDI 08.97-05.04 81 110 1896 VW GOLF IV Variant (1J5) 1.4 16V 05.99-06.06 55 75 1390 VW GOLF IV Variant (1J5) 1.6 05.99-04.02 74 101 1595 VW GOLF IV Variant (1J5) 1.6 08.00-06.06 75 102 1595 VW GOLF IV Variant (1J5) 1.6 16V 02.00-06.06 77 105 1598 VW GOLF IV Variant (1J5) 1.8 T 05.00-06.06 110 150 1781 VW GOLF IV Variant (1J5) 2.0 05.99-06.06 85 115 1984 VW GOLF IV Variant (1J5) 2.0 Bi-Fuel 02.02-06.06 85 116 1984 VW GOLF IV Variant (1J5) 1.9 TDI 05.99-05.06 66 90 1896 VW GOLF IV Variant (1J5) 1.9 TDI 05.99-06.01 81 110 1896 VW NEW BEETLE (9C1, 1C1) 1.6 06.00-09.10 75 102 1595 VW NEW BEETLE (9C1, 1C1) 1.8 T 10.99-09.10 110 150 1781 VW NEW BEETLE (9C1, [...]"
"380","2020-12-30","internetbasiert","Sparsamer Alltagsheld. Autonotizen, 2020-12-30","https://autonotizen.de/fahrberichte/hyundai-i30-kombi-n-line-1-5-t-gdi-imt-2021-alltags-test-video-review","617 Liter wandern ins Heck des Seat Leon Sportstourer, 611 in den neuen VW Golf Variant."
"381","2020-06-20","internetbasiert","Nordvpn promo reddit – Nordvpn : Rabatt-Code. Bester VPN-Vergleicher, 2020-06-20","http://minecraftopia.de/nordvpn-promo-reddit-nordvpn-rabatt-code/","[...] Wrack der verwendung eines der playstation etwa für einen beträchtlichen aufwand, da die bereitstellung dieser liste der suche nach abschluss des kunden des kunden gelangen diese vpn bist du eingeloggt hast, drücke die vpn-anbieter integriert ? Keine daten auch im falle von wireguard testen kannst das abo nordvpn das surfverhalten von benutzern sehr rasch mit noomvor hackern die sache ist ein vpn ein vpn unabhängig verifiziert, was ideal für nordvpn-nutzer neben zahlreichen anleitungen und auf der von netflix über zwei varianten angeboten, ein funktionieren die nordvpn kann in China verwendet werden installation auf meinem kanal beschäftigt heute funktionierender internetverbindung herzustellen. [...]"
"382","2020-05-07","internetbasiert","B30-Rossolimo Variante. schach-dreier.de, 2020-05-07","https://www.schach-dreier.de/Schachbuecher/Datentraeger/Eroeffnungen/B20-Sizilianisch/B30-Rossolimo-Variante","[...] Sa 10:00 Uhr bis 13.30 Uhr Information! Ab DO. 07.05.2020 haben wir wieder zu unseren üblichen Geschäftszeiten offen Drucken Categories Schachbücher/Datenträger Eröffnungen B20-Sizilianisch B30-Rossolimo Variante B30-Rossolimo Variante Kategorien Neuheiten (365) Sonderangebote (194) Modernes Antiquariat / Antiquariat (1008) Ramschkiste / 0 - 3 € (178) Schachbücher/Datenträger (1168) Eröffnungen (409) SOS (1) Repertoires (92) A00-Sokolski (5) A01-Larsen-Eröffnung (1) A02-Bird-Eröffnung (1) A07-Königsindischer Angriff (2) A09 Reti-Eröffnung (2) A15-Englisch (9) A16-Englische Eröffnung (5) A45-Trompowski-Angriff (12) A48-Königsindischer Aufbau (11) A51-Budapest Gambit (3) A53-Alt Indisch (2) A57-Wolga-Benkö Gambit (4) A60-Modern Benoni (5) A80-Holländisch (15) B01-Skandinavisch (9) B02-Aljechin-Verteidigung (6) B06-Modern Defence (5) B07-Pirc-Ufimzew (10) B10-Caro-Kann (11) B20-Sizilianisch (63) B29-Nimzowitsch-Rubinstein-Variante (1) B33-Lasker/Sweshnikow (1) B60-Richter/Rauser-Angriff (1) B70-Drachenvariante (1) B21- Sizilianisch Morra-Gambit (4) B70-Sizilianisch (Drachenvariante) [...]"
"383","2020-05-06","internetbasiert","Effizientes Codieren. Access im Unternehmen, 2020-05-06","https://access-im-unternehmen.de/Effizientes_Codieren/","Es erhalten keinesfalls beide Variablen den Datentyp String, sondern nur str2. str1 wird hier als Variant deklariert."
"384","2019-12-06","internetbasiert","Schwarwel Gevatter #3 „Kapitel Drei: Verhandlung“ (Variant, Digital-PDF) - Glücklicher Montag Shop. Glücklicher Montag Shop, 2019-12-06","https://gluecklicher-montag-shop.de/produkt/schwarwel-gevatter-3-kapitel-drei-verhandlung-variant-digital-pdf/","Schwarwel Gevatter #1 „Kapitel Eins: Verleugung“ ist mit dem Cover von Schwarwel als Regular Edition hier erhältlich: www.gluecklicher-montag-shop.de/product/graphic-novel-schwarwel-gevatter-verleugnung-heft-1 und mit dem Cover von Sascha Wüstefeld als Variant Edition hier: www.gluecklicher-montag-shop.de/product/gevatter-1-kapitel-eins-verleugnung-variant-edition"
"385","2020-06-26","internetbasiert","VW baut letzten Verbrenner in Zwickau - electrive.net. electrive.net, 2020-06-26","https://www.electrive.net/2020/06/26/vw-baut-letzten-verbrenner-in-zwickau/","Mit dem Umbau der bisher noch für den Golf Variant genutzten Produktionslinie in Halle 6 soll die Kapazität für E-Autos steigen – konkret für den ID.4, der nach der Umbauphase in dieser Halle gebaut werden soll."
"386","2020-06-26","internetbasiert","VW baut letzten Verbrenner in Zwickau - electrive.net. electrive.net, 2020-06-26","https://www.electrive.net/2020/06/26/vw-baut-letzten-verbrenner-in-zwickau/","In Zwickau wurde bisher der Golf Variant gebaut."
"387","2018-08-12","internetbasiert","3D Druck - Raspberry Pi Pico - """"WIZ5100S-PI-PICO"""". 3d-loewe.de, 2018-08-12","https://www.3d-loewe.de/p/raspberry-pi-pico-wiz5100s-pi-pico","Variante 2: pico topo"
"388","2019-10-17","internetbasiert","RE: Frank's Eigen- und Umbauten - 8. Agrartechnik im Modell, 2019-10-17","https://www.agrartechnik-im-modell.de/t23f8-Frank-s-Eigen-und-Umbauten-7.html","So meine lieben Freunde,Mein Terra Variant ist fertig und bleibt so.Gruß Frank"
"389","2020-08-03","internetbasiert","Variant 3021 P4 | 415 x 205 cm - 3,0-t | Hochlader Anhänger. PKW-Anhänger kaufen bei P+P Anhängercenter | Wohnmobil Vermietung & Anhängervermietung, 2020-08-03","http://www.ppanhaengercenter.com/store/p749/variant-3021p4-415x205cm-3t-hochlader-anhaenger.html","Variant 3021 P4 | 415 x 205 cm - 3,0t | Hochlader Anhänger"
"390","2019-11-28","internetbasiert","Volkswagen Golf Variant MFH Mehrmarken Fahrzeughandel - Neuwagenvermittlung-24. Osna-Autos, 2019-11-28","https://www.mfh-autos.de/liste-volkswagen-golf-variant-a__46671_alle.php","Volkswagen Golf Variant 8 R-Line 2,0 TDI 110KW ACC 2023 Bestellung ab Werk"
"391","2020-05-07","internetbasiert","B80-Scheveninger Variante. schach-dreier.de, 2020-05-07","https://www.schach-dreier.de/Schachbuecher/Datentraeger/Eroeffnungen/B20-Sizilianisch/B80-Scheveninger-Variante","Startseite Impressum AGB Widerrufsbelehrung Datenschutz Kontakt Kategorien Impressum Neuheiten Sonderangebote Modernes Antiquariat / Antiquariat Ramschkiste / 0 - 3 € Schachbücher/Datenträger Eröffnungen SOS Repertoires A00-Sokolski A01-Larsen-Eröffnung A02-Bird-Eröffnung A07-Königsindischer Angriff A09 Reti-Eröffnung A15-Englisch A16-Englische Eröffnung A40-Englische- Verteidigung A45-Trompowski-Angriff A48-Königsindischer Aufbau A51-Budapest Gambit A53-Alt Indisch A57-Wolga-Benkö Gambit A60-Modern Benoni A80-Holländisch B01-Skandinavisch B02-Aljechin-Verteidigung B06-Modern Defence B07-Pirc-Ufimzew B10-Caro-Kann B20-Sizilianisch B23-Geschlossenes System B29-Nimzowitsch-Rubinstein-Variante B30-Rossolimo Variante B33-Lasker/Sweshnikow B60-Richter/Rauser-Angriff B70-Drachenvariante B80-Scheveninger Variante B21- Sizilianisch Morra-Gambit B70-Sizilianisch (Drachenvariante)"
"392","2019-11-28","internetbasiert","Volkswagen Golf Variant MFH Mehrmarken Fahrzeughandel - Neuwagenvermittlung-24. Osna-Autos, 2019-11-28","https://www.mfh-autos.de/liste-volkswagen-golf-variant-a__46671_alle.php","Volkswagen Golf Variant 8 R-Line 1,5 eTSI DSG 110KW ACC 2023 Bestellung ab Werk"
"393","2020-03-26","internetbasiert","Meal Prep für Familien - Kochbuch-Vorstellung + Verlosung. Breifreibaby, 2020-03-26","https://breifreibaby.de/meal-prep-fuer-familien/","wir lieben nudeln in allen varianten, also gabelspaghetti mit tomatensoße zum beispiel. vorkochen wäre echt toll, v.a. für die phasen, in denen man auch mal keine lust auf kochen hat oder nicht alles (wie aktuell) jederzeit einkaufen will oder kann"
"394","2019-02-25","internetbasiert","Kurzarbeit bei VW in Zwickau wegen Lieferengpässen. Badische Neueste Nachrichten, 2019-02-25","https://bnn.de/nachrichten/wirtschaft/kurzarbeit-bei-vw-in-zwickau-wegen-lieferengpaessen","Die Produktion an der Linie 1, wo Golf und Golf Variant gefertigt werden, wird den Angaben zufolge ohne Unterbrechung fortgeführt, ebenso die Karosseriefertigung für Bentley und Lamborghini."
"395","2020-04-01","internetbasiert","Echtgeld Spiel Variante | No deposit spielautomaten bonus. status-verlag.de, 2020-04-01","https://status-verlag.de/echtgeld-spiel-variante-no-deposit-spielautomaten-bonus/","Oder meinst Du etwas das “internen State” hat, echtgeld spiel variante daher weiß ich auch nicht."
"396","2020-03-16","internetbasiert","COVID-19. Homepage von Detlef Gerritzen, 2020-03-16","http://www.detlef-gerritzen.ch/varia/links/covid-19/","medRxiv (Preprint), 21.8.2021, ""Comparison of two highly-effective mRNA vaccines for COVID-19 during periods of Alpha and Delta variant prevalence"""
"397","2020-12-31","internetbasiert","VW Passat Variant EU Neuwagen | Jütten und Koolen. Jütten und Koolen, 2020-12-31","https://www.juetten-koolen.de/fahrzeuge/eu-neuwagen/VW-Passat-Variant/","VW, Passat Variant, Neu & Bestellfahrzeuge VW Passat Variant EU-Neuwagen günstig kaufen VW Passat Variant EU-Neuwagen – souverän unterwegs mit großzügigen Raumangebot"
"398","2018-02-13","internetbasiert","Feder rein, Feder raus, Feder rein, Feder raus, ..... OST-Blog, 2018-02-13","http://ost-blog.passat32.de/2018/02/13/feder-rein-feder-raus-feder-rein-feder-raus/","Die sollen laut Nummer für den Variant sein und waren auch dementsprechend länger und stärker."
"399","2018-01-01","internetbasiert","Victor Longsleeve blue melange 5918. badmintonshop-racketstar.de, 2018-01-01","https://www.badmintonshop-racketstar.de/Victor-Longsleeve-blue-melange-5918","Damen Variante VIctor Longsleeve peach melage 5918"
"400","2018-04-04","internetbasiert","VW Passat Versicherung & Kfz Unterhaltskosten, Steuern – Vergleichsrechner. Autokostenauskunft.net, 2018-04-04","https://www.autokostenauskunft.net/marken/vw/vw-passat/","1974 wurde der Passat als Kombi mit der Bezeichnung Variant auf den Markt gebracht."
"401","2020-08-03","internetbasiert","Variant 3500 U5 | 520x210cm - 3,5t | Kippbarer Multitransporter - Hochlader Anhänger. PKW-Anhänger kaufen bei P+P Anhängercenter | Wohnmobil Vermietung & Anhängervermietung, 2020-08-03","http://www.ppanhaengercenter.com/store/p612/Variant-3500U5-Kippbarer-Hochlader-Anhaenger.html","Hersteller: Variant"
"402","2020-08-01","internetbasiert","Magicka Zauberer Mahlstromarena Build Elsweyer. elderscrollsbote.de, 2020-08-01","https://www.elderscrollsbote.de/builds/mag-sorcer-non-pet/","Teure variante und beste buffood: artaeischer Einlegfisch hält 2 Stunden, stellt 5652 Leben und 5117 Magicka her."
"403","2020-11-30","internetbasiert","Eine Geschichte der Exzellenz l ClearFox®. clearfox.com, 2020-11-30","https://clearfox.de/geschichte/","2018 implementierte die PPU Umwelttechnik GmbH die ClearFox® DAF als rechteckige Variant in ISO Seecontainer."
"404","2018-04-10","internetbasiert","Variant 25-135. TM Handelsvertretung, 2018-04-10","https://www.genau-mein-zuhause.de/pf/variant-25-135/","0175 36 56 530 Beratungsgespräch vereinbaren Primary Menu Startseite Über mich Leistungen Musterhaus Erfahrungen Kontakt 10. April 2018 Hanse Häuser Variant 25-135 Hanse Variant 25-135 Weiter"
"405","2020-08-03","internetbasiert","Variant 2717 T3 | 320x168cm - 2,7t | Rückwärtskipper - Hochplane. PKW-Anhänger kaufen bei P+P Anhängercenter | Wohnmobil Vermietung & Anhängervermietung, 2020-08-03","http://www.ppanhaengercenter.com/store/p909/Variant-2717-T3-320-x-168-cm.html","Variant kippbare Anhänger mit Planenaufbau"
"406","2020-10-14","internetbasiert","Turmsanierung - Lugturm 1880. Lugturm 1880 -, 2020-10-14","https://lugturm1880.de/turmsanierung/","Projektsteuerung: Ingenieurbüro Mischke Projektunterstützung: Variant Bauprojektentwicklung GmbH Gerüstbauarbeiten: Grund Gerüste Hans-Jochen Knauthe GmbH Stahlbauarbeiten: Falko Tischendorf Sand- und Natursteinarbeiten: BSN Bautenschutz Nüske Fassaden- und Putzarbeiten: Hörner Bau- & Handels-GmbH Malerarbeiten:"
"407","2019-04-25","internetbasiert","Stillleben. Blind-Experimente mit Filzi, Kuli, Bleistift und Bearbeitungen. GERDA KAZAKOU, 2019-04-25","https://gerdakazakou.com/2019/04/25/stillleben-blind-experimente-mit-filzi-kuli-bleistift-und-bearbeitungen/","Ich fand diese variante auch besonders gelungen."
"408","2020-07-15","internetbasiert","Verkabelung vom schuppen Ersatzteilversand. forum.electronicwerkstatt.de, 2020-07-15","https://forum.electronicwerkstatt.de/phpBB/Elektroinstallation/verkabelung_vom_schuppen-t94259f17_bs0.html","Was wär den die bessere variante:z.b.25A Automat -20A FI-beide stromkreise auf fi geklemt dann bis Schuppen und dort dann aufgeteilt auf 2 16A Sicherungen. oder jeweils ein fi also das ganze 2 x?? gruss"
"409","2020-08-03","internetbasiert","Variant 3321 TB | 414x210cm - 3,5t | Tridem Dreiseitenkipper Anhänger - Blattfederung. PKW-Anhänger kaufen bei P+P Anhängercenter | Wohnmobil Vermietung & Anhängervermietung, 2020-08-03","http://www.ppanhaengercenter.com/store/p748/variant-3321TB-414x210cm-3.5t-dreiseitenkipper-anhaenger-blattfederung.html","Variant Dreiseitenkipper"
"410","2019-05-14","internetbasiert","Tolle deko für die Firmenfeier || HUADLING Buttons. HUADLING, 2019-05-14","https://huadling.de/individuell/firmenfeier-deko/","Button varianten: Classic, Soft touch, Metallic, Neon, Leuchtend im dunklen"
"411","2019-01-01","internetbasiert","Original Aluminium Felge VW | Top-Preis: 1.104,90 €. Top-Preis: 1.104,90 €, 2019-01-01","https://www.basenio.de/guenstig-kaufen/original-aluminium-felge-vw-57193/_golf-7/","[...]2019/12 5G1, BQ1, BE1, BE2 2.0 R 4motion 1984 ccm, 228 KW, 310 PS VW Golf VII 2012/11-2019/12 5G1, BQ1, BE1, BE2 2.0 TDI 1968 ccm, 110 KW, 150 PS VW Golf VII 2016/12-2019/12 5G1, BQ1, BE1, BE2 e-Golf 100 KW, 136 PS VW Golf VII Variant 2013/05-2019/12 BA5 1.2 TSI 1197 ccm, 77 KW, 105 PS VW Golf VII Variant 2013/05-2019/12 BA5 1.2 TSI 1197 ccm, 63 KW, 86 PS VW Golf VII Variant 2014/04-2019/12 BA5 1.2 TSI 1197 ccm, 81 KW, 110 PS VW Golf VII Variant 2013/09-2019/12 BA5 1.4 TGI CNG 1395 ccm, 81 KW, 110 PS VW Golf VII Variant 2014/05-2019/12 BA5 1.4 TSI 1395 ccm, 92 KW, 125 PS VW Golf VII Variant 2014/05-2019/12 BA5 1.4 TSI 1395 ccm, 110 KW, 150 PS VW Golf VII Variant 2013/05-2019/12 BA5 1.4 TSI 1395 ccm, 90 KW, 122 PS VW Golf VII Variant 2014/05-2019/12 BA5 1.4 TSI MultiFuel 1395 ccm, 92 KW, 125 PS [...]"
"412","2020-05-07","internetbasiert","B80-Scheveninger Variante. schach-dreier.de, 2020-05-07","https://www.schach-dreier.de/Schachbuecher/Datentraeger/Eroeffnungen/B20-Sizilianisch/B80-Scheveninger-Variante","[...] Sa 10:00 Uhr bis 13.30 Uhr Information! Ab DO. 07.05.2020 haben wir wieder zu unseren üblichen Geschäftszeiten offen Drucken Categories Schachbücher/Datenträger Eröffnungen B20-Sizilianisch B80-Scheveninger Variante B80-Scheveninger Variante Kategorien Neuheiten (357) Sonderangebote (190) Modernes Antiquariat / Antiquariat (1009) Ramschkiste / 0 - 3 € (190) Schachbücher/Datenträger (1160) Eröffnungen (405) SOS (1) Repertoires (92) A00-Sokolski (5) A01-Larsen-Eröffnung (1) A02-Bird-Eröffnung (1) A07-Königsindischer Angriff (2) A09 Reti-Eröffnung (2) A15-Englisch (9) A16-Englische Eröffnung (5) A45-Trompowski-Angriff (12) A48-Königsindischer Aufbau (11) A51-Budapest Gambit (3) A53-Alt Indisch (2) A57-Wolga-Benkö Gambit (4) A60-Modern Benoni (5) A80-Holländisch (13) B01-Skandinavisch (9) B02-Aljechin-Verteidigung (6) B06-Modern Defence (5) B07-Pirc-Ufimzew (10) B10-Caro-Kann (11) B20-Sizilianisch (62) B29-Nimzowitsch-Rubinstein-Variante (1) B33-Lasker/Sweshnikow (1) B60-Richter/Rauser-Angriff (1) B70-Drachenvariante (1) B21- Sizilianisch Morra-Gambit (4) B70-Sizilianisch (Drachenvariante) [...]"
"413","2020-02-28","internetbasiert","meine-wiking-welt - Golf III Variant. meine-wiking-welt.eu, 2020-02-28","https://www.meine-wiking-welt.eu/pkw/volkswagen/golf-iii-variant/","VW Golf Variant 05401 1995-1997 himmelblau, IE mit separiertem Lenkrad lichtgrau, Innenspiegel Teil der Verglasung, plastische Scheibenwischer + Heckwischer, 2 Außenspiegel in Wagenfarbe, Frontscheinwerfer klartransparent + Rückleuchten rottransparent eingesetzt, Grill schwarz mit VW-Emblem silbern, Räder zweiteilig VW Alufelgen durchbrochen mit aufgezogenen Reifen, Bodenplatte schwarz, Bodenprägung modernes Wiking-Logo + ""Germany""."
"414","2020-09-10","internetbasiert","Premiere für den VW Golf 8 Variant und Alltrack - AutoGuru.at. Autoguru.at, 2020-09-10","https://www.autoguru.at/2020/09/premiere-fuer-den-vw-golf-8-variant-und-alltrack/","Beide Versionen sind im Vergleich zu den Vorgängermodellen auch gewachsen, der neue Golf Variant ist mit einer Länge von 463,3 cm um 6,6 cm länger als der Vorgänger."
"415","2018-02-04","internetbasiert","#89 Vielleicht werden wir katholisch. Hossa Talk, 2018-02-04","https://hossa-talk.de/89-vielleicht-werden-wir-katholisch/","The Proto-Gospel of James In my last post I mentioned the Proto-Gospel of James in relation to a textual variant (in Luke) that indicates that Mary gave birth not *in* Bethlehem but *en route* there."
"416","2020-08-01","internetbasiert","Ölwechsel VW Golf 8 – Kosten, Intervalle, Ölmengen und Freigaben. repareo.de, 2020-08-01","https://www.repareo.de/oelwechsel-vw-golf-8/","Zum Bespiel das Direktschaltgetriebe OGC, wie es beim Golf 8 Variant 2,0 TDI mit 110 kW verbaut ist, fasst 6,9 Liter der Ölsorte G 055529 A2."
"417","2020-02-10","internetbasiert","winterliche tiramisu. Surfing The Kitchen, 2020-02-10","https://surfingthekitchen.wordpress.com/2020/02/10/winterliche-tiramisu/","Wenn kinder mitessen kann der alkohol auch weggelassen werden oder in der variante mit kaffee durch orangensaft ersetzt werden."
"418","2020-03-02","internetbasiert","Alvi Wickel-Mäxchen Wolke Silber Exklusiv | Kinderhaus Blaubär. kinderhaus-blaubaer.de, 2020-03-02","https://www.kinderhaus-blaubaer.de/alvi-wickel-maexchen-wolke-silber-exklusiv_34849_56638","[...] { _tsRatingConfig = { tsid : 'X0C74C395F78C2D0663798C126CCFC286', element : '#ts_review_sticker', variant : 'testimonial', reviews : '5', betterThan : '3.0', richSnippets : 'on', backgroundColor : '#FFDC0F', linkColor : '#000000', quotationMarkColor : '#FFFFFF', fontFamily : 'Arial', reviewMinLength : '10' }; var scripts = document.getElementsByTagName('SCRIPT'), me = scripts[scripts.length - 1]; var _ts = document.createElement('SCRIPT'); _ts.type = 'text/javascript'; _ts.async = true; _ts.src = '//widgets.trustedshops.com/reviews/tsSticker/tsSticker.js'; me.parentNode.insertBefore(_ts, me); _tsRatingConfig.script = _ts; })(); [...]"
"419","2019-07-22","internetbasiert","Fahrzeug Detailsuche | Autohaus Holst GmbH. Autohaus Holst GmbH, 2019-07-22","https://autohaus-holst.shop/fahrzeugbestand/fahrzeug-detailsuche/","[...] Förderung Laden & Bezahlen Angebote alle Angebote Fahrzeug-Angebote Service-Angebote Service & Zubehör Wartung & Inspektionspaket Leistungsportfolio Großkunden Service Termin VW We Connect Nutzfahrzeuge Service Audi Service Volkswagen Zubehör Volkswagen Nutzfahrzeuge Zubehör Unternehmen Digitale Rechnung Ansprechpartner Karriere » Zur offiziellen VW Webseite × Fahrzeugbestand Fahrzeug Detailsuche Detailsuche - Fahrzeug(e) gefunden Fahrzeugtyp Bauart Cabrio/Roadster Kastenwagen Kombi Limousine SUV/Geländewagen/Pickup Van/Kleinbus Fahrzeugart Gebrauchtfahrzeug Neufahrzeug Tageszulassung Vorführfahrzeug Allgemeine Angaben Marke Audi Cupra Ford Hyundai Kia Seat Skoda Volkswagen Modell A1 A5 A6 Arona Arteon Ateca Caddy cee'd / Ceed Fabia Fiesta Focus Formentor Golf Golf Sportsvan i30 Ibiza ID.3 ID.4 ID.5 Octavia Passat Variant Polo Q3 S5 S6 Scala SQ5 T-Cross T-Roc T6 Transporter T6.1 Taigo Tiguan Touareg Touran up! Aktionen Arteon SB Sonderleasing Standort Holst Getriebe Automatik Schaltgetriebe Alle Kraftstoffe Benzin Diesel Elektro Hybrid (Benzin/Elektro) [...]"
"420","2020-01-01","internetbasiert","1991 - Erlangen. vw-411.de, 2020-01-01","http://vw-411.de/Club-Treffen-VW-411/412-ab-1987/1991-Erlangen/","Links mein damaliger VW 412 LE Variant."
"421","2019-05-14","internetbasiert","VW ID.3: 15.000+ Registrierungen, über die Hälfte des Pre-Booking-Kontingents reserviert. ecomento.de, 2019-05-14","https://ecomento.de/2019/05/14/vw-elektroauto-id3-ueber-15-000-registrierungen/","Auch der kaufpreis der jeweils günstigsten variante – nach abzug der förderung in D – 44.500 € zu 26.000 € zeigt den unterschied."
"422","2018-07-14","internetbasiert","Nokia 6.1 plus mit ersten Ergebnissen im Leistungstest. Testberichte, News, Tablets & Smartphones, 2018-07-14","https://www.appdated.de/2018/07/nokia-6-1-plus-mit-ersten-ergebnisse-im-leistungstest/","However, we do expect a 6GB RAM variant of the Nokia 6.1 Plus to be available as well."
"423","2020-08-12","internetbasiert","Achsschenkel links vorne VW Golf VI Variant (AJ5) 1.6 TDI 77 kW 105 PS (07.2009-07.2013) | 112184. Kempers.de, 2020-08-12","https://www.kempers.de/achsschenkel-links-vorne-vw-golf-vi-variant-aj5-1k0407255p/112184","Achsschenkel links vorne VW Golf VI Variant (AJ5) 1.6 TDI 77 kW 105 PS (07.2009-07.2013) Inklusive 1 Jahr Kempers Gewährleistung Achsschenkel links vorne VW Golf VI Variant (AJ5) 1.6 TDI 77 kW 105 PS (07.2009-07.2013) Inklusive 1 Jahr Kempers Gewährleistung"
"424","2020-01-01","internetbasiert","Der Volkswagen Golf Variant: Der Allrounder. heisel.de, 2020-01-01","https://www.heisel.de/der-volkswagen-golf-variant-der-allrounder/","Die optionalen Golf Variant R-Line Ausstattungen."
"425","2019-02-07","internetbasiert","Tesla startet Model-3-Auslieferung in Europa. ecomento.de, 2019-02-07","https://ecomento.de/2019/02/07/tesla-startet-model-3-auslieferung-in-europa/","In China ist seit gestern eine neue M3 variante bestellbar."
"426","2020-01-01","internetbasiert","Matador MPS 400 Variant All Weather 2 175/65 R14 90 T. Autoreifenfinder, 2020-01-01","https://www.autoreifenfinder.ch/matador/mps-400-variant-all-weather-2/175-65-r14-90t-157302/","Matador MPS 400 Variant All Weather 2 ( 175/65 R14C 90/88T 6PR)"
"427","2018-09-03","internetbasiert","Elektroauto-Prämie: Diverse Plug-in-Hybride wegen WLTP nicht mehr förderwürdig. ecomento.de, 2018-09-03","https://ecomento.de/2018/09/03/elektroauto-praemie-diverse-plug-in-hybride-wegen-wltp-nicht-mehr-foerderwuerdig/","VWs teilelektrische GTE-Versionen von Golf, Passat und Passat Variant sind nur noch mit Ausnahmegenehmigung förderwürdig."
"428","2018-03-10","internetbasiert","Angriff der Klonkrieger. GHOSTBUSTERS DEUTSCHLAND, 2018-03-10","https://ghostbustersdeutschland.wordpress.com/2018/03/10/angriff-der-klonkrieger/","Es ist (natürlich wieder) ein Ray-Variant… …und dann kommen natürlich noch die „normalen“ exklusiven Figuren dazu (kann ein Exclusive normal sein?), die meistens auf der SanDiego Comic-Con angeboten werden."
"429","2020-10-05","internetbasiert","Bodenarbeitsseil Dünn - Prices from 51.60 to 58.75. Bataliru, 2020-10-05","https://bataliru.de/products/bodenarbeitsseil-dunn-prices-from-51-60-to-58-75","[...] Pferde Menü Pferde Alles Arbeitsseile Halsringe Knotenhalfter Zügel Anhänger Mensch Messanleitung Messanleitung Menü Messanleitung Hundehalsband Knotenhalfter Material & Farben Material & Farben Menü Material & Farben Material Farben Gutschein Alle Produkte Bodenarbeitsseil Dünn - Prices from 51.60 to 58.75 Normaler Preis €51,60 Sonderpreis €51,60 Angebot inkl. MwSt. zzgl. Versandkosten Title Variant for price 51.6 Variant for price 52 Variant for price 52.1 Variant for price 52.2 Variant for price 52.45 Variant for price 52.55 Variant for price 52.65 Variant for price 53.05 Variant for price 53.15 Variant for price 53.25 Variant for price 53.5 Variant for price 53.6 Variant for price 53.7 Variant for price 54.1 Variant for price 54.2 Variant for price 54.55 Variant for price 54.65 Variant for price 54.75 Variant for price 55.15 Variant for price 55.25 Variant for price 55.6 Variant for price 55.7 Variant for price 56.2 Variant for price 56.65 Variant for price 56.75 Variant for price 57.25 Variant for price 57.7 Variant for price 58.75 Variant for price 51.6 Variant for price 52 Variant for price 52.1 Variant for price 52.2 Variant for price 52.45 Variant for price 52.55 Variant for price 52.65 Variant for price 53.05 Variant for price 53.15 Variant [...]"
"430","2020-06-05","internetbasiert","VW-Abgasskandal: Ihre Rechte, betroffene Fahrzeuge und Urteile. ra-goldenstein.de, 2020-06-05","http://www.ra-goldenstein.de/leistungen/rechtsberatung/diesel-abgasskandal/","VW Golf VI und Golf VII (GTD, 1.6 TDI, 1.6 TDI BlueMotion,1.6 TDI BlueMotion Technology, 2.0 TDI) (auch Variant, Cabriolet, Golf Plus)"
"431","2019-11-18","internetbasiert","Gebrauchtwagen Speed-Dating | Autohaus Liliensiek. liliensiek.de, 2019-11-18","https://liliensiek.de/angebote/gw-speed-dating","Willkommen zu unserer neuen Rubrik „Gebrauchtwagen Speed-Dating Hier stellen wir jede Woche einen attraktiven Gebrauchtwagen-Single vor, welcher bereit für eine feste Bindung ist Golf Variant 1.0 TSI Sondermodell Sound T-Roc 1.0 TSI in Energetic Orange Metallic Audi Sport Quattro Junior S1 Pikes Peak"
"432","2019-12-09","internetbasiert","Skoda Superb Combi Test mit Fotos und Expertenmeinung.. carwow.de, 2019-12-09","https://www.carwow.de/skoda/superb-combi","Wer im Skoda einsteigt, hat auch bei der Sicherheitsausstattung wenig Gründe, den Passat Variant zu vermissen; denn auch beim Thema Fahrzeugsicherheit gibt sich Skodas großer Kombi mit den serienmäßigen sieben Airbags (inklusive Knieairbag auf der Fahrerseite), dem ESP, der Reifendruckkontrolle und der Umfeldüberwachung samt City-Notbremsfunktion keine Blöße."
"433","2020-04-06","internetbasiert","Test: PSI Audio A23-M, Midfield-Studiomonitor - AMAZONA.de. AMAZONA.de, 2020-04-06","https://www.amazona.de/test-psi-audio-a23-m-midfield-studiomonitor/","Die schwarze variante kam erst später hinzu; sie wird vor allem von aufgeklärteren audiophilen kunden bevorzugt, die realisiert haben, dass studio-hardware in dieser qualität einen wesentlich reelleren gegenwert bietet als fast alles, was unter Hi-Fi verkauft wird."
"434","2020-05-27","internetbasiert","Nordvpn-Login funktioniert nicht – Nordvpn | Tipps zur Verwendung. Bester VPN-Vergleicher, 2020-05-27","http://minecraftopia.de/nordvpn-login-funktioniert-nicht-nordvpn-tipps-zur-verwendung/","Ip-adresse eines kostenlosen variante ist jedoch schwächelt expressvpn ist das ist als der service selbst zurückverfolgen lassen."
"435","2018-09-28","internetbasiert","Die eigene Handschrift. Ausstellung der Düsseldorfer Schmuck-Gestalter düsselGOLD. Goethe Museum Düsseldorf, 2018-09-28","https://www.goethe-museum.de/de/veranstaltung/die-eigene-handschrift-ausstellung-der-duesseldorfer-schmuck-gestalter-duesselgold-0","Die Auseinandersetzung mit höchst varianten schriftlichen Vorlagen wird auf ganz unterschiedliche Weise zur Inspiration für die Schmuckdesigner."
"436","2018-06-01","internetbasiert","Haben Sie Fragen?. Hanse Haus, 2018-06-01","https://www.hanse-haus.ch/de/fuer-sie/mediathek/360-grad-touren/","360°-Rundgang: Variant 275"
"437","2019-08-26","internetbasiert","Hazet Werkzeugwagen | Die besten 🥇 Werkzeugwagen 2023 NEU ✓. Werkzeugwagen24, 2019-08-26","https://werkzeugwagen24.net/hazet-werkzeugwagen/","Bei einigen varianten Hazet Werkzeugwagen wird zudem massives Buchenholz verarbeitet."
"438","2020-08-21","internetbasiert","SystemConfiguration. Ibkastl Gmbh, 2020-08-21","https://ibkastl.de/blog/systemconfiguration","9.4\Bin\Eplan.exe""/Variant:""Electric P8""/SystemConfiguration:""API"""
"439","2019-02-01","internetbasiert","Erstunterzeichner. grundsteuerreform.net, 2019-02-01","https://www.grundsteuerreform.net/aktuelles/","Als Fazit sprechen die Autoren der Studie die Empfehlung an die Finanzminister des Bundes und der Länder aus, sich die Bodensteuer(varianten) sehr genau anzuschauen und ernsthaft in Erwägung zu ziehen."
"440","2020-01-01","internetbasiert","coma black edition. blowout.de, 2020-01-01","https://www.blowout.de/coma-black-edition.html","Variante: coma black edition"
"441","2020-11-23","internetbasiert","die tücken des neuen mobilitätskonzepts. heiligenschein.de, 2020-11-23","https://www.heiligenschein.de/die-tuecken-des-neuen-mobilitaetskonzepts/","ich wählte die dritte variante und kam so in den genuss eines wunderbaren spazierganges über feldwege an orten, die ich zuletzt vor jahren gesehen hatte, vorbei an der samstäglichen gassen- und haussäuberrungsroutine der deutschen einfamilienhausbesitzer. es waren gut investierte dreißig minuten."
"442","2020-10-05","internetbasiert","Bodenarbeitsseil Dünn - Prices from 51.60 to 58.75. Bataliru, 2020-10-05","https://bataliru.de/products/bodenarbeitsseil-dunn-prices-from-51-60-to-58-75","[...] Halsbänder Leinen Anhänger Pferde Pferde Menü Pferde Alles Arbeitsseile Halsringe Knotenhalfter Zügel Anhänger Mensch Messanleitung Messanleitung Menü Messanleitung Hundehalsband Knotenhalfter Material & Farben Material & Farben Menü Material & Farben Material Farben Gutschein Alle Produkte Bodenarbeitsseil Dünn - Prices from 51.60 to 58.75 Normaler Preis €51,60 Sonderpreis €51,60 Angebot inkl. MwSt. zzgl. Versandkosten Title Variant for price 51.6 Variant for price 52 Variant for price 52.1 Variant for price 52.2 Variant for price 52.45 Variant for price 52.55 Variant for price 52.65 Variant for price 53.05 Variant for price 53.15 Variant for price 53.25 Variant for price 53.5 Variant for price 53.6 Variant for price 53.7 Variant for price 54.1 Variant for price 54.2 Variant for price 54.55 Variant for price 54.65 Variant for price 54.75 Variant for price 55.15 Variant for price 55.25 Variant for price 55.6 Variant for price 55.7 Variant for price 56.2 Variant for price 56.65 Variant for price 56.75 Variant for price 57.25 Variant for price 57.7 Variant for price 58.75 Variant for price 51.6 Variant for price 52 Variant for price 52.1 Variant for price 52.2 Variant for price 52.45 Variant for price 52.55 Variant for price 52.65 Variant for price 53.05 Variant [...]"
"443","2019-04-04","internetbasiert","Q1 2019: Tesla liefert 31 Prozent weniger Elektroautos als im Vorquartal aus. ecomento.de, 2019-04-04","https://ecomento.de/2019/04/04/q1-2019-tesla-liefert-31-prozent-weniger-elektroautos-als-im-vorquartal-aus/","Im Q2 werden die restlchen bestellten teuren M3 varianten für europa und china gebaut und ausgeliefert."
"444","2020-12-19","internetbasiert","Kaspersky Security Cloud Family. Lizenz2Go, 2020-12-19","https://lizenz2go.ch/products/kaspersky-security-cloud-family","Lizenz Lizenztyp Vollversion Lizenzform ESD Lizenzdauer 1 Jahr Anzahl Geräte 20x Sprache Multilingual Software Hersteller Kaspersky Produktfamilie Security Cloud Produktserie Family Herst.-Nr. {{ variant.sku }} Systemanforderungen Betriebssystem Android ab 5.0"
"445","2020-06-06","internetbasiert","Das sind die beliebtesten Kombis. Auto-Kombi, 2020-06-06","https://www.kombi.de/die-beliebtesten-kombis/","Darüber hinaus bekommt man die Passat Variant auf Wunsch auch mit einem 7-Gang- Doppelkupplungsgetriebe und als Sonderausstattung mit Rückfahrkamera, Navigationssystem und abgedunkelten Seitenscheiben im hinteren Bereich."
"446","2020-02-20","internetbasiert","Injektor VW 5WS40539 Siemens CAYA 1,6 TDI CONTINENTAL 03l130277S A2C9626040080 NEU - Diesel Segment. Diesel Segment GmbH, 2020-02-20","https://www.diesel-segment.de/produkt/injektor-vw-5ws40539-siemens-caya-16-tdi-continental-03l130277s-a2c9626040080-neu/","VW Passat Variant 1.6 TDI mit 77 KW ab Bj. 08.09"
"447","2019-04-26","internetbasiert","Hanse Haus im Musterhauspark Bad Vilbel – Genau mein Zuhause. TM Handelsvertretung, 2019-04-26","https://www.genau-mein-zuhause.de/hanse-haus-musterhauspark-bad-vilbel/","Variant 45-175"
"448","2018-11-06","internetbasiert","Mindestpreise auf real.de + EDI nutzen + Shopware-Variantenkonfigurator. reybex ERP Spezialist seit 2014. reybex Cloud ERP Software Lösung, 2018-11-06","https://testb.digitalesmarketing-impott.de/mindestpreise-auf-realde-edi-nutzen-shopware-variantenkonfigurator/","There are three options to choose from: 1. Selection = selection of the variant one after the other via dropdown menu. 2. Image = Selection of the variant by clicking on an image. 3. Standard = direct selection of the variant without a certain order."
"449","2018-08-15","internetbasiert","Variant 172 von Hanse Haus | Fertighaus.de. Fertighaus.de, 2018-08-15","https://www.fertighaus.de/haeuser/hanse-variant172-2/","Moderne Sachlichkeit und eine klare Formensprache zeichnen das Haus Variant 172 aus."
"450","2018-03-01","internetbasiert","BH Emotion 36v Akkureparatur – Zellentausch. swissvolts.ch, 2018-03-01","https://swissvolts.ch/produkt/bh-emotion-36v-akkureparatur-zellentausch/","Variante 2: 10S4P LG18650MJ1, 40 Zellen"
"451","2018-02-01","internetbasiert","SPÖ: Die vertuschte Wahrheit in der Silberstein-Affäre. Ceiberweiber, 2018-02-01","https://alexandrabader.wordpress.com/2018/02/01/spoe-die-vertuschte-wahrheit-in-der-silberstein-affaere/","tur mir leid, aber ich kann das einfach nicht mehr so recht glauben. also bleibt nur die variante einer kasperliade, in der die FP auf das krokodil abonniert ist…..?? eine undankbare rolle? ja, vielleicht…. oder nur einem plane folgend, der noch perfider ist, als sich unsereiner vorzustellen vermag oder überhaupt nur zu denken wagt?"
"452","2020-02-10","internetbasiert","Relingträger, Dachträger | Ocean-Cross. Ocean-Cross, 2020-02-10","https://ocean-cross.de/produkt/relingtraeger-dachtraeger/","[...] 05> SAAB 9-3 Station Wagon 09> SAAB 9-3 X 09> SAAB 9-4 X 11> SKODA Favorit Station Wagon 93> SKODA Felicia Station Wagon 96> SKODA Octavia II Station Wagon 04>12 SKODA Octavia III Station Wagon 13> SKODA Octavia Scout 07>13 SKODA Praktik 07> SSANGYONG Rexton 02>06 SUBARU Legacy Station Wagon 89>05 SUZUKI Vitara 88>02 TOYOTA Avensis Station Wagon 98>08 TOYOTA Avensis Verso 01>06 TOYOTA Camry Estate 92>96 TOYOTA Carina E Wagon 82> TOYOTA Picnic 97>00 TOYOTA Previa 00> VOLKSWAGEN Bora Variant 99>05 VOLKSWAGEN Golf III Variant 94>98 VOLKSWAGEN Golf IV Variant 99>07 VOLKSWAGEN Passat V Variant 11>14 VOLKSWAGEN Passat Variant 06>10 VOLKSWAGEN Passat Variant 83>96 VOLKSWAGEN Passat Variant 97>05 VOLKSWAGEN Polo Fun 03> VOLKSWAGEN Polo Variant 88> VOLVO 200 74>94 VOLVO 700 Station Wagon 84>92 VOLVO V40 96>04 VOLVO V50 04> Volvo XC90 06> Stand: Januar 2015 Liste ohne Gewähr [...]"
"453","2018-09-08","internetbasiert","FOTOMONTAGE | PLANUNGSDETAIL. planungsdetail.de GmbH, 2018-09-08","https://www.planungsdetail.de/dienstleistungen/visualisierung/fotomontage/","HOME DIENSTLEISTUNGEN PLANUNG BÜROSTRUKTUREN WOHNIMMOBILIEN SZENENGESTALTUNG FARB- UND MATERIALKONZEPT INDOORSPIELPLÄTZE DIGITALISIERUNG VISUALISIERUNG INNENRAUM PRODUKT VARIANTEN CLOSEUPS ERKLÄRBILDER VIRTUELLE WELTEN BILDERBUCH STUDIOS BLOG ÜBER UNS KONTAKT Seite wählen HOME DIENSTLEISTUNGEN PLANUNG BÜROSTRUKTUREN WOHNIMMOBILIEN SZENENGESTALTUNG FARB- UND MATERIALKONZEPT INDOORSPIELPLÄTZE DIGITALISIERUNG VISUALISIERUNG INNENRAUM PRODUKT VARIANTEN CLOSEUPS ERKLÄRBILDER VIRTUELLE WELTEN BILDERBUCH STUDIOS BLOG ÜBER UNS KONTAKT"
"454","2020-08-30","internetbasiert","6 einfache und leckere Rezepte mit Zucchini. Mütterimpulse, 2020-08-30","https://www.muetterimpulse.de/6-einfache-und-leckere-rezepte-fuer-die-zucchini-schwemme/","Variante „aglio e olio“"
"455","2020-02-28","internetbasiert","meine-wiking-welt - Passat Variant V. meine-wiking-welt.eu, 2020-02-28","https://www.meine-wiking-welt.eu/pkw/volkswagen/passat-variant-v/","VW Passat Variant 03801 1997-1999 dunkelblau, IE mit separiertem Lenkrad grau, Innenspiegel Teil der Verglasung, Scheibenwischer Teil der Karosserie, plastische Heckwischer, 2 Außenspiegel in Wagenfarbe, Frontscheinwerfer klartransparent + Rückleuchten rottransparent eingesetzt, eingesetzter schwarzer Grill mit gesilbertem VW-Emblem, Räder zweiteilig Alufelgen mit aufgezogenen Reifen, Bodenplatte schwarz, Bodenprägung modernes Wiking-Logo + ""Germany""."
"456","2019-07-02","internetbasiert","Deutschmann Automation: Neue ARM-basierende Embedded- Modulbaureihe ermöglicht schnelle Kommunikation im IoT-Netzwerk. 0800hardware.de, 2019-07-02","http://0800hardware.de/deutschmann-automation-neue-arm-basierende-embedded-modulbaureihe-ermoeglicht-schnelle-kommunikation-im-iot-netzwerk/","Small (45mm x 18mm), robust and powerful board; 3.3V variant of the Nano family."
"457","2020-01-01","internetbasiert","VOLKSWAGEN Teilekatalog. Autoteile-Rathenow Autoteile-Premnitz Ersatzteile Neuteile - Automarkt in Rathenow - Premnitz, 2020-01-01","https://www.autoteile-rathenow.de/gebrauchtteile/volkswagen-teilekatalog/","16 % MwSt. zzgl. Versandkosten Original VW Bora Kühlergrill 1J5853653E Volkswagen Variant 4 Motion LA7W Lieferzeit: 3-4 Tage Bestand: 28,27 EUR inkl."
"458","2018-01-18","internetbasiert","Intel kämpft mit schwerer Sicherheitslücke (Update: Intel veröffentlicht Server-Benchmarks) - Hardwareluxx. Hardwareluxx Media GmbH, 2018-01-18","https://www.hardwareluxx.de/index.php/news/hardware/prozessoren/45319-intel-kaempft-mit-schwerer-sicherheitsluecke-im-prozessor-design.html","Variant"
"459","2019-01-01","internetbasiert","2-DIN Kit 5 Seat/Skoda/VW diverse Fahrzeuge Lenkradfernbedienungsadapter piano. Msh-Store, 2019-01-01","https://msh-store.de/fahrzeug-spezifisch/fahrzeugtypen/skoda/radioblenden/3169/2-din-kit-5-seat/skoda/vw-diverse-fahrzeuge-lenkradfernbedienungsadapter-piano","Variant"
"460","2020-01-01","internetbasiert","32-300. isover.ch, 2020-01-01","https://www.isover.ch/de/solutions/32-300","[...] Description Unité 1 Unité 2 Variant 1 Variant 2 Variant 3 Variant 4 Variant 5 Variant 6 Zementestrich d [mm] 70 70 70 70 70 70 LURO 814 d [mm] – – – 60 60 60 LURO 814 d [mm] 60 60 80 60 60 80 LURO 814 d [mm] 60 80 80 60 80 80 Wärmeschutz im Winter * ** ** ** *** Wärmedurchgangskoeffizient U [W/(m2 K)] 0.26 0.22 0.20 0.18 0.16 0.15 Wärmeschutz im Sommer Wärmespeicherfähigkeit (mit Rsi) κi,oben [Wh/m2 K)] 13 13 13 13 13 13 Schalldämmung Bewertetes Schalldämm-Mass Rw ca. [dB] 73 74 75 76 77 77 Bewerteter Norm-Trittschallpegel L'nw [dB] 41 41 41 41 41 41 Spektrum-Anpassungswerte (Ci) [...]"
"461","2020-01-01","internetbasiert","Gelenkwellenschraube VW Golf II III IV V Lupo Passat Polo u.a.. Bus-Scheune.de, Ersatzteile fuer VW Bus T3 VW Bus T4 guenstig kaufen., 2020-01-01","https://www.bus-scheune.de/weitere-VW-Classic-Modelle/Golf-1/Vorderachse/Gelenkwellenschraube-VW-Golf-II-III-IV-V-Lupo-Passat-Polo-u-a::49405.html","[...] 1.3 1.5 1.6 1.8 D TD GTI 04/74-02/84 VW GOLF II (19E,1G1) 1.0 1.3 1.6 1.8 D TD GTI 08/83-12/92 VW GOLF III (1H1) 1.4 1.6 1.8 1.9 2.0 2.8 2.9 D GTI 10/91-08/97 VW GOLF III Cabrio (1E7) 1.6 1.8 1.9 2.0 TDI 07/93-05/98 VW GOLF III Variant (1H5) 1.4 1.6 1.8 1.9 2.0 2.9 D VR6 07/93-04/99 VW GOLF IV (1J1) 1.4 1.6 2.0 16V 08/97-06/05 VW GOLF IV Cabrio (1E7) 1.6 1.8 1.9 2.0 TDI 06/98-06/02 VW GOLF IV Variant (1J5) 1.4 1.6 1.8 1.9 2.0 2.3 2.8 TDI V5/6 05/99-06/06 VW GOLF V (1K1) 1.4 16V 10/03- VW GOLF V PLUS (5M1) 1.4 1.6 1.9 2.0 TDI FSI 16V 01/05- VW JETTA I (16) 1.1 1.3 1.5 1.6 1.8 D TD GLI 08/78-02/84 VW JETTA II (19E, 1G2) 1.3 1.6 1.8 D TD 16V 01/84-07/92 VW JETTA III (1K2) 1.6 1.9 2.0 TDI FSI TFSI 16V 08/05- VW LUPO (6X1, 6E1) 1.2 1.4 1.6 TDI FSI GTI 01/99-07/05 [...]"
"462","2018-05-31","internetbasiert","VW Passat Variant: Den neuen Volkswagen bewundern. Auto-Kombi, 2018-05-31","https://www.kombi.de/vw-passat-variant/","In dieser Generation wurde der Variant mit einer Motorleistung zwischen 55 und 115 PS angeboten."
"463","2019-12-13","internetbasiert","Robin feiert Jubiläum mit Comic-Special. Das Batman-Projekt, 2019-12-13","https://batmanprojekt.com/2019/12/13/robin-80th-anniversary-100-page-super-spectacular-comic/","Außerdem werden acht Variant Cover angeboten, passend zu jedem Jahrzehnt eines."
"464","2018-11-08","internetbasiert","ana.words, trollen ist boese - Ana. Ana, 2018-11-08","https://ana.ch/ana-words-trollen-ist-boese/","[...] anyway tbz war auf swisslos und hat nen lottozettel ausgefuellt - sagt, was ihr wollt, ich sage: ""lotto hilf!"" - und sich dann etwas rumgeklickt. und wenn man sich am kiosk ein los kauft kann man es freirubbeln und man kann da also bei swisslos allerhand lose kaufen und die tun dann so als ob sie aufgerubbelt wuerden auf mausklick oder irgendwas wird weggesprengt auf mausklick oder etwas aufgedeckt oder so es gibt allerhand varianten und offensichtlich kann man da auch gegen geld jassen und es gibt auch bingo und dann will man ja gleichzeitig auch was gegens gluecksspiel tun also nicht gegens gluecksspiel gegen die sucht halt, weil sucht ist boese und verheerend also gibt es da auch limiten und sperren man kann sich persoenliche limiten und sperren setzen pro tag, pro woche, pro monat und es gibt infos zum ""spielerschutz"" ihr koennt euch hier durchklicken: http://www.swisslos.ch/de/informationen/spielerschutz/massnahmen.html also, man ist da bedacht darauf dass leute verantwortungsvoll spielen sich nicht komplett in schulden stuerzen stellt viele infos dazu bereit und dann beim durchklicken hat tbz gesehen dass es bei der kategorie ""bingo"" auch einen chat [...]"
"465","2019-03-15","internetbasiert","Radio Code Unlock Pin VW VWZ1Z2G3103601. radiocode.de, 2019-03-15","http://www.radiocode.de/volkswagen-vw---radio-code/vw-code-datenbank-database/radio-code-unlock-pin-vw-vwz1z2g3103601.html","Radio Code Unlock VW Autoradio Navigation VW Up Polo Golf Beetle Jetta Passat CC Phaeton Variant Scirocco EOS Tigun Touareg Touran Caddy Multivan Amorak California Radio Code hejt hier schnell ohne Probleme anfordern."
"466","2019-02-08","internetbasiert","VW Passat 2019: Preise, technische Daten & Verkaufsstart. carwow.de, 2019-02-08","https://www.carwow.de/volkswagen/passat/auto-news/329/volkswagen-passat-2019-preise-technische-daten-und-verkaufsstart","Wer sich für den neuen Passat oder Passat Variant interessiert, muss sich nur noch ein bisschen gedulden, denn der Vorverkauf startet bereits im Mai 2019."
"467","2019-08-07","internetbasiert","Microsoft patcht kritische Sicherheitslücke in Intel-CPUs - Hardwareluxx. Hardwareluxx Media GmbH, 2019-08-07","https://www.hardwareluxx.de/index.php/news/software/betriebssysteme/50479-microsoft-patcht-kritische-sicherheitsluecke-in-intel-cpus.html","For the attack that is not a SWAPGS variant, the mitigation is to implement our existing recommendations for Spectre variant 1."""
"468","2020-01-01","internetbasiert","Entdecken Sie den VW Passat Variant im Volkswagen Zentrum Pillenstein an der Stadtgrenze Nürnberg/Fürth. ✅Neu- und ✅Gebrauchtwagen ✅kaufen / ✅leasen. Jetzt Probefahrt vereinbaren!. https://www.pillenstein.de/, 2020-01-01","https://www.pillenstein.de/autos/vw-pkw/neuwagen/passat-variant/","Das sportliches Highlight: R-Line Pakete für Ihren Passat Variant"
"469","2019-06-06","internetbasiert","Neuer VW Passat (2020): Ab sofort ab 34.720 Euro bestellbar. Auto Motor Und Sport, 2019-06-06","https://www.auto-motor-und-sport.de/neuheiten/neuer-vw-passat-2020-facelift/","Der 120-PS-Diesel steht mit 34.720 Euro in der Preisliste, der entsprechende Variant ab 38.825 Euro."
"470","2020-01-01","internetbasiert","ALVEUS Einzelsiphon / Pop-up Siphon / Ab- und Überlaufgarnitur mit Drehexcenter und Siphon für die Spülen QUADRIX und VARIANT. kitchenking.de, 2020-01-01","https://www.kitchenking.de/alveus-einzelsiphon-pop-up-siphon-ab-und-ueberlaufgarnitur-mit-drehexcenter-und-siphon-fuer-die-spuelen-quadrix-und-variant.html","VARIANT"
"471","2020-01-01","internetbasiert","21-220. isover.ch, 2020-01-01","https://www.isover.ch/de/solutions/21-220","Description Unité 1 Unité 2 Variant 1 Variant 2 Variant 3 Variant 4 Variant 5 Variant 6 PB F 030 d [mm] – – – – 40 100 PB F 030 d [mm] 120 140 180 200 200 200 Wärmeschutz im Winter und Sommer * ** ** ** *** Wärmedurchgangskoeffizient:"
"472","2019-10-08","internetbasiert","♥ 5 wirksame Schritte: Verlege die Bettgehzeit deines Babys nach vorne. 2019-10-08","https://www.babyschlummerland.de/bettgehzeit-baby/","[...]. das stillen bringt die verdauung in gang, aber wenn er sonst zumindest einmal täglich macht, dann würde ich mir keine große gedanken darum machen, sondern ihn machen lassen. wenn du allerdings schon schmerzen hast vom abdocken, dann würde ich tendenziell einen still-rhtythmus empfehlen. er wird dann schnell lernen bei einer mahlzeit mehr zu trinken und nicht ständig nach “snacks” zu verlangen. 😉 vielleicht würde das seinem körper helfen, das drücken auf tagsüber zu verlegen. es braucht ein paar tages einübung und ihr müsstet evtl auch mal eine andere variante als einschlafstillen finden (was für die zukunft auch hilfreich sein könnte, da er schon so sehr darauf fixiert ist und es manchmal stündlich einfordert). meine eigene erfahrung war ganz oft, dass ein Rhythmus den Babys total gut und die Körper dann lernen, worauf sie sich einzustellen. die ersten drei monaten bin ich auch für eher locker machen lassen, aber wenn es hier und da nicht ganz funktioniert, dann könntet ihr ruhig mal was neues ausprobieren. bauchmassage ist bestimmt sinnvoll, außer du merkst, es bringt nichts. 😉 generell [...]"
"473","2020-06-02","internetbasiert","Nordvpn-Angebote in Euro – Nordvpn : Warnung und vollständige Prüfung. Bester VPN-Vergleicher, 2020-06-02","http://minecraftopia.de/nordvpn-angebote-in-euro-nordvpn-warnung-und-vollstandige-prufung/","Zu ihnen eine variante der nordvpn ist das raubkopieren der online-tätigkeit bewusst sein, dass lediglich in höhe nach einem dh-schlüssel von kostenlosen vpn nehmen ? Nichts wird auf ihren kompatiblen geräten."
"474","2020-01-01","internetbasiert","Der Volkswagen Golf Variant: Der Allrounder. heisel.de, 2020-01-01","https://www.heisel.de/der-volkswagen-golf-variant-der-allrounder/","Die intelligenten Fahrerassistenzsysteme in Ihrem Golf Variant tragen zu mehr Fahrkomfort bei und können Sie dabei unterstützen, kritische Situationen sehr gut zu bewältigen oder sogar ganz zu vermeiden."
"475","2019-05-03","internetbasiert","Auf einen Plausch mit … Hendric Mostert. Amw Management / Employer Branding, 2019-05-03","https://amw-management.de/2019/05/auf-einen-plausch-mit-hendric-mostert/","Ganz starkes Interview Andrea, gute Fragen…sehr variant."
"476","2020-09-09","internetbasiert","VW Golf 8 Variant R-Line Premiere und Golf Alltrack - Autogefühl. Autogefühl, 2020-09-09","https://www.autogefuehl.de/2020/09/09/vw-golf-8-variant-r-line-premiere-und-golf-alltrack/","Mit dem längeren Radstand hat der VW Golf Variant nun mehr Beinfreiheit, was gerade Familien schätzen werden."
"477","2019-07-22","internetbasiert","Fahrzeug Detailsuche | RK AUTOWELT RINKE & KNIPPS GMBH. RK AUTOWELT RINKE & KNIPPS GMBH, 2019-07-22","https://rk-autowelt.de/fahrzeugbestand/fahrzeug-detailsuche/","[...] Standorte Karriere und Ausbildung Kontakt Historie Inzahlungnahme und Ankauf × Fahrzeugbestand Fahrzeug Detailsuche Detailsuche - Fahrzeug(e) gefunden Fahrzeugtyp Bauart Andere Cabrio/Roadster Kastenwagen Kastenwagen hoch Kleinwagen Kombi Limousine Sportwagen/Coupé SUV/Geländewagen/Pickup Van/Kleinbus Fahrzeugart Gebrauchtfahrzeug Jahreswagen Neufahrzeug Tageszulassung Vorführfahrzeug Allgemeine Angaben Marke Audi BMW Cupra Ford Hyundai Mazda Mercedes-Benz Nissan Opel Renault Seat Skoda Volkswagen Modell 3 540 A 180 A1 A4 A5 A6 Alhambra Arona Arteon Ateca B 180 Beetle Born C 63 AMG Caddy Combo Life Crafter EcoSport Fabia Fiesta Formentor Golf Golf Plus Golf Sportsvan Ibiza ID.3 ID.4 ID.Buzz Insignia ix35 Juke Kamiq Karoq Kodiaq Leon Megane Octavia Passat Variant Polo Q5 Q7 S3 Scala Sharan Superb T-Cross T-Roc T6 T6 Multivan T6 Transporter Taigo Tarraco Tiguan Tiguan Allspace Touareg Touran TT Tucson up! Aktionen Standort Ennigerloh Soest Warstein Werl Werl Skoda Getriebe Automatik Schaltgetriebe Alle Kraftstoffe Benzin Diesel Elektro Erdgas (CNG) Hybrid (Benzin/Elektro) [...]"
"478","2018-10-02","internetbasiert","Fig.6_v.2_2018. Dwar, 2018-10-02","https://dwar-art.de/product/fig-6_v-2_2018/","Unikat - Variant 2 out of 5"
"479","2020-08-03","internetbasiert","Variant 3021 P4 | 415 x 205 cm - 3,0-t | Hochlader Anhänger. PKW-Anhänger kaufen bei P+P Anhängercenter | Wohnmobil Vermietung & Anhängervermietung, 2020-08-03","http://www.ppanhaengercenter.com/store/p749/variant-3021p4-415x205cm-3t-hochlader-anhaenger.html","Variant 3021 P4 | 415 x 205 cm - 3,0t | Hochlader Anhänger"
"480","2020-09-23","internetbasiert","DER WELTKRIEG mit todbringenden manipulierten Viren geht in die zweite Phase. Conservo, 2020-09-23","https://conservo.wordpress.com/2020/09/23/der-weltkrieg-mit-todbringenden-manipulierten-viren-geht-in-die-zweite-phase/","Dynamic tracking of variant frequencies revealed a recurrent pattern of G614 increase at multiple geographic levels: national, regional, and municipal."
"481","2020-01-01","internetbasiert","32-300. isover.ch, 2020-01-01","https://www.isover.ch/de/solutions/32-300","[...] Description Unité 1 Unité 2 Variant 1 Variant 2 Variant 3 Variant 4 Variant 5 Variant 6 Zementestrich d [mm] 70 70 70 70 70 70 LURO 814 d [mm] – – – 60 60 60 LURO 814 d [mm] 60 60 80 60 60 80 LURO 814 d [mm] 60 80 80 60 80 80 Wärmeschutz im Winter * ** ** ** *** Wärmedurchgangskoeffizient U [W/(m2 K)] 0.26 0.22 0.20 0.18 0.16 0.15 Wärmeschutz im Sommer Wärmespeicherfähigkeit (mit Rsi) κi,oben [Wh/m2 K)] 13 13 13 13 13 13 Schalldämmung Bewertetes Schalldämm-Mass Rw ca. [dB] 73 74 75 76 77 77 Bewerteter Norm-Trittschallpegel L'nw [dB] 41 41 41 41 41 41 Spektrum-Anpassungswerte (Ci) [...]"
"482","2019-01-27","internetbasiert","Die komplette World of Warcraft ist eine Catch-Up-Mechanik geworden. Mein-MMO.de, 2019-01-27","https://mein-mmo.de/wow-catch-up-mechanik-zu-viel/","Was hier benötigt ist sind mehr Skills bzw Skill upgrades/varianten ka ab level 80 dann großer feuerball oder ab 120 nova feuerball mit neuen animationen."
"483","2018-02-05","internetbasiert","DGAP-News Advanced Blockchain AG entwickelt mit Digital Worx GmbH im Bereich Industrie 4.0 und Internet der Dinge (IoT). DGAP-News Advanced Blockchain AG entwickelt mit Digital Worx GmbH im Bereich Industrie 4.0 und Internet der Dinge (IoT), 2018-02-05","http://0800hardware.de/dgap-news-advanced-blockchain-ag-entwickelt-mit-digital-worx-gmbh-im-bereich-industrie-4-0-und-internet-der-dinge-iot/","The ease of use of a Nano board with the addition of secure IoT and BT connectivity Small (45mm x 18mm), robust and powerful board; 3.3V variant of the Nano family."
"484","2018-05-17","internetbasiert","Baccarat kostenlos 24Bettle Casino online De Test Breda. kielspratineurope.eu, 2018-05-17","https://kielspratineurope.eu/category-beste/20-01-2019-5596.php","Legend heros slots sc of wette bonus zu decken casino denial die deposit ojo den punkt sie Kostenlos spielen blackjack varianten slots free spielplan um das video coupon code zu deutschland zukunft des dort."
"485","2020-07-01","internetbasiert","SIRADOS BAUDATEN UND SOFTWARE. Bss Commerce, 2020-07-01","https://www.sirados.de/faq/index/view/","Bestätigen Sie die Änderung mit <VARIANTE SPEICHERN>, dann wird eine Kopie unterhalb der Orginalposition mit „blauem P“ und einer blauen Preisanzeige angelegt."
"486","2018-10-15","internetbasiert","IoT Connect Anywhere von Orange Business Services ermöglicht Unternehmen die Einrichtung privater Lo. 0800hardware.de, 2018-10-15","http://0800hardware.de/iot-connect-anywhere-von-orange-business-services-ermoeglicht-unternehmen-die-einrichtung-privater-lo/","Small (45mm x 18mm), robust and powerful board; 3.3V variant of the Nano family."
"487","2019-03-13","internetbasiert","Mit intelligenten IoT-Gateways lassen sich zahlreiche Anwendungen von der Datenerfassung über Edge Computing bis zur Fernwartung realisieren.. Mit intelligenten IoT-Gateways lassen sich zahlreiche Anwendungen von der Datenerfassung über Edge Computing b...","http://0800hardware.de/mit-intelligenten-iot-gateways-lassen-sich-zahlreiche-anwendungen-von-der-datenerfassung-ueber-edge-computing-bis-zur-fernwartung-realisieren/","The ease of use of a Nano board with the addition of secure IoT and BT connectivity Small (45mm x 18mm), robust and powerful board; 3.3V variant of the Nano family."
"488","2020-07-19","internetbasiert","Berührungssensor Ersatzteilversand. forum.electronicwerkstatt.de, 2020-07-19","https://forum.electronicwerkstatt.de/phpBB/Elektrische_Probleme/beruehrungssensor-t60738f6_bs0.html","jetzt stell ich mal meine variante vor:"
"489","2019-06-15","internetbasiert","Tracht Man Band 5. runars-welt.blogspot.com, 2019-06-15","http://runars-welt.blogspot.com/2019/06/tracht-man-band-5.html","Band 5 Variant kommt mit einer 3D Brille und dem dazu passenden 3D Cover und ist auf 150 Stück limitiert."
"490","2020-02-19","internetbasiert","Perfektionst in Bestform - Autopresse. Autopresse, 2020-02-19","https://autopresse.at/perfektionst-in-bestform/","Diesmal war unser Testkandidat der Passat Variant Business mit 120 PS TDi Motor und DSG Getriebe."
"491","2020-10-05","internetbasiert","Bodenarbeitsseil Dünn - Prices from 51.60 to 58.75. Bataliru, 2020-10-05","https://bataliru.de/products/bodenarbeitsseil-dunn-prices-from-51-60-to-58-75","[...] Variant for price 53.5 Variant for price 53.6 Variant for price 53.7 Variant for price 54.1 Variant for price 54.2 Variant for price 54.55 Variant for price 54.65 Variant for price 54.75 Variant for price 55.15 Variant for price 55.25 Variant for price 55.6 Variant for price 55.7 Variant for price 56.2 Variant for price 56.65 Variant for price 56.75 Variant for price 57.25 Variant for price 57.7 Variant for price 58.75 Variant for price 51.6 Variant for price 52 Variant for price 52.1 Variant for price 52.2 Variant for price 52.45 Variant for price 52.55 Variant for price 52.65 Variant for price 53.05 Variant for price 53.15 Variant for price 53.25 Variant for price 53.5 Variant for price 53.6 Variant for price 53.7 Variant for price 54.1 Variant for price 54.2 Variant for price 54.55 Variant for price 54.65 Variant for price 54.75 Variant for price 55.15 Variant for price 55.25 Variant for price 55.6 Variant for price 55.7 Variant for price 56.2 Variant for price 56.65 Variant for price 56.75 Variant for price 57.25 Variant for price 57.7 Variant for price 58.75 In den Einkaufswagen legen Teilen Auf Facebook teilen Twittern Auf Twitter twittern Pinnen Auf Pinterest pinnen Teilen [...]"
"492","2019-07-28","internetbasiert","GRAPHIC NOVEL „GEVATTER“ - Glücklicher Montag. Glücklicher Montag, 2019-07-28","https://gluecklicher-montag.de/graphic-novel-gevatter/","Schwarwel Cover: Schwarwel (Regular Edition), Ingo Römling (Variant Edition)"
"493","2019-03-06","internetbasiert","Neue IoT-Ansätze: Was wir von Start-ups lernen können. 0800hardware.de, 2019-03-06","http://0800hardware.de/neue-iot-ansaetze-was-wir-von-start-ups-lernen-koennen/","The ease of use of a Nano board with the addition of secure IoT and BT connectivity Small (45mm x 18mm), robust and powerful board; 3.3V variant of the Nano family."
"494","2019-06-24","internetbasiert","FS237 Nicht genug Eierstöcke im Team. Freak Show, 2019-06-24","https://freakshow.fm/fs237-nicht-genug-eierstoecke-im-team","Also es gibt diverse varianten davon was ist das das ist das problem dass ich."
"495","2020-06-01","internetbasiert","VW Passat Variant Business TDI DSG ACC LED Navi SHZ. autovisits.de, 2020-06-01","https://www.autovisits.de/autos/vw/passat/detail_5727728/","[...], Automatic 650 € VW Passat 60326 Frankfurt am Main TÜV: 07/2021, Baujahr: 2000, Benzin, 208000 km, Automatic 700 € VW Passat 94116 Hutthurm Kein TÜV, Baujahr: 1998, Benzin, 177000 km 800 € VW Passat Rottenburg Kein TÜV, Diesel, 408000 km, Manuelle Schaltung 1.050 € VW Passat 89073 Ulm Kein TÜV, Benzin, 174140 km, Manuelle Schaltung 1.099 € VW Golf Variant 33602 Bielefeld Kein TÜV, 74 kW (101 PS), Diesel, 220000 km, Manuelle Schaltung 1.120 € VW Golf Variant 33602 Bielefeld Kein TÜV, 74 kW (101 PS), Diesel, 220000 km, Manuelle Schaltung 1.120 € VW Passat 91598 Colmberg Kein TÜV, Benzin, 234000 km, Manuelle Schaltung 1.200 € VW Passat Variant 47798 Krefeld Kein TÜV, 204 kW (277 PS), Baujahr: 2001, Benzin, 320400 km, Manuelle Schaltung, Blau 1.200 € VW Passat 91598 Colmberg Kein TÜV, Benzin, 234000 km, Manuelle Schaltung 1.200 € VW Passat 91598 Colmberg Kein TÜV, Benzin, 234000 km, Manuelle Schaltung 1.200 € VW [...]"
"496","2020-03-24","internetbasiert","Make-up not -out | ramonaz. Ramonaz, 2020-03-24","https://www.ramonaz.com/makeup-out","Nicht jeder mag es so viel Make-up im Gesicht tragen zu müssen, deshalb gibt es auch die variante Kokosöl zu verwenden."
"497","2019-12-19","internetbasiert","Theraline Plüschmond Stillkissen | Kinderhaus Blaubär. kinderhaus-blaubaer.de, 2019-12-19","https://www.kinderhaus-blaubaer.de/pflege-ernaehrung/stillen/stillkissen/theraline-plueschmond-stillkissen_34211_54917","[...] { _tsRatingConfig = { tsid : 'X0C74C395F78C2D0663798C126CCFC286', element : '#ts_review_sticker', variant : 'testimonial', reviews : '5', betterThan : '3.0', richSnippets : 'on', backgroundColor : '#FFDC0F', linkColor : '#000000', quotationMarkColor : '#FFFFFF', fontFamily : 'Arial', reviewMinLength : '10' }; var scripts = document.getElementsByTagName('SCRIPT'), me = scripts[scripts.length - 1]; var _ts = document.createElement('SCRIPT'); _ts.type = 'text/javascript'; _ts.async = true; _ts.src = '//widgets.trustedshops.com/reviews/tsSticker/tsSticker.js'; me.parentNode.insertBefore(_ts, me); _tsRatingConfig.script = _ts; })(); [...]"
"498","2018-06-01","internetbasiert","Variant 25-166 mit Einliegerwohnung - V1 | HANSE HAUS. Hanse Haus, 2018-06-01","https://www.hanse-haus.ch/de/architektur/haeuser/haus/variant-25-166-mit-einliegerwohnung-variante-1/","Das Variant 25-166 in Hanglage überzeugt durch zwei separate Wohnungen mit gemeinsam genutztem Eingang"
"499","2020-08-10","internetbasiert","Alle Wertungen. buecher-monster.de, 2020-08-10","https://buecher-monster.de/alle-wertungen/","Variant (Variant #1) – Robison Wells"
"500","2018-11-22","internetbasiert","Humboldt-Universität zu Berlin - Mathematisch-Naturwissenschaftliche Fakultät - Modellgetriebene Software Entwicklung. informatik.hu-berlin.de, 2018-11-22","https://www.informatik.hu-berlin.de/de/forschung/gebiete/mse/Abschlussarbeiten/Offen","The problem to be solved is a variant of the well-known subgraph isomorphism problem, namely to find all subgraphs of the host graph which are isomorphic to the left-hand side graph. The current implementation translates the problem to a constraint satisfaction problem amenable to an off-the-shelf constraint solver."
"501","2018-01-05","internetbasiert","VW Käfer Karmann Ghia Typ3 Set Sitzentriegelunghebel Sitz Entriegelung Hebel. netspares.de, 2018-01-05","https://netspares.de/VW-Kaefer-Aircooled-Parts/Innenausstattung/VW-Kaefer-Karmann-Ghia-Typ3-Set-Sitzentriegelunghebel-Sitz-Entriegelung-Hebel::699.html","[...] 1.6 08.80 - 07.82 81 110 1588 VW SCIROCCO (53B) 1.8 08.82 - 12.89 82 112 1781 VW 1500,1600 Schr?gheck (31) 1.5 L 07.68 - 07.73 33 45 1493 VW 1500,1600 Schr?gheck (31) 1.6 TL 08.65 - 07.73 40 54 1584 VW 1500,1600 (31) 1.5 04.61 - 07.73 33 45 1493 VW 1500,1600 (31) 1.6 L 07.64 - 07.73 37 50 1584 VW 1500,1600 (31) 1.6 TL 08.65 - 07.73 40 54 1584 VW 1500,1600 (31) 1.6 08.65 - 07.73 40 54 1584 VW 1500,1600 Variant (36) 1.5 04.61 - 07.73 33 45 1493 VW 1500,1600 Variant (36) 1.6 L 08.65 - 07.73 40 54 1584 VW LT 28-35 I Bus (281-363) 2.0 04.75 - 09.83 55 75 1984 VW LT 28-35 I Bus (281-363) 2.4 D 01.79 - 07.92 55 75 2383 VW LT 28-35 I Kasten (281-363) 2.0 04.75 - 09.83 55 75 1984 VW LT 28-35 I Kasten (281-363) 2.4 D 01.79 - 07.92 55 75 2383 VW LT 28-35 I Kasten (281-363) 2.7 D 11.75 - 01.80 48 [...]"
"502","2020-06-15","internetbasiert","Entebbe. Docugrafrica, 2020-06-15","https://docugrafrica.com/2020/06/15/entebbe/","In early August 2021, Entebbe was just awaking from the decreed sleep of the second lockdown in Uganda, implemented to get the COVID-19 pandemic under control again after a spread of the Delta variant."
"503","2018-02-14","internetbasiert","ECMAScript: Weitere Pläne und die Arbeit des TC39. entwickler.de, 2018-02-14","https://entwickler.de/online/javascript/ecmascript-tc39-579830087.html","Variant C: top-level await can only be used in modules without exports"
"504","2018-11-14","internetbasiert","Dialog Semiconductor stellt neue Chipsätze für IoT-Anwendungen vor. 0800hardware.de, 2018-11-14","http://0800hardware.de/dialog-semiconductor-stellt-neue-chipsaetze-fuer-iot-anwendungen-vor/","Small (45mm x 18mm), robust and powerful board; 3.3V variant of the Nano family."
"505","2020-01-01","internetbasiert","12-700. isover.ch, 2020-01-01","https://www.isover.ch/de/solutions/12-700","Description Unité 1 Unité 2 Variant 1 Variant 2 Variant 3 Variant 4 Variant 5 Variant 6 ISOTHERM 034 d [mm] 80 100 120 140 160 200 ISOTHERM 034 d [mm] 80 100 120 120 160 200 Wärmeschutz im Winter und Sommer * ** ** *** *** **** Wärmedurchgangskoeffizient:"
"506","2020-08-01","internetbasiert","KFZ-Steuer VW Passat. repareo.de, 2020-08-01","https://www.repareo.de/kfz-steuer-vw-passat/","KFZ-Steuer VW Passat 2.0 TDI Variant Baujahr 2006"
"507","2020-02-13","internetbasiert","Wir haben 34.289 Autos für Dich.. instamotion.com, 2020-02-13","https://www.instamotion.com/deutschland/nordrhein-westfalen","Platz eins der meistverkauften Kombis sicherte sich der VW Passat Variant."
"508","2019-04-23","internetbasiert","Samsung Galaxy Note 10 - neue Speichertechnik verspricht bessere Performance. Testberichte, News, Tablets & Smartphones, 2019-04-23","https://www.appdated.de/2019/04/sasmung-galaxy-note-10-ram-interner-speicher-und-kameratechnik-sollen-deutlich-aufgewertet-werden/","It’s possible that this might be the 5G variant of the next Galaxy Note."
"509","2019-01-26","internetbasiert","Gefahr für den Golf - Bürstädter Zeitung. BÃ¼rstÃ¤dter Zeitung, 2019-01-26","https://www.buerstaedter-zeitung.de/ratgeber/auto-und-motorrad/autotests/hyundai/gefahr-fur-den-golf_19922481","Gepäckraumvolumen 605 Liter/1620 Liter beim Golf Variant, 602/1650 Liter beim i30 Kombi."
"510","2019-12-09","internetbasiert","Streitgespräch zum Shiller-KGV - GEWINNBRINGEND INVESTIEREN. GEWINNBRINGEND INVESTIEREN, 2019-12-09","https://gewinnbringend-investieren.de/streitgespraech-zum-shiller-kgv/","Es ist keine Verzerrung der Kennzahl, sondern eine Variant des teuersten Satzes an der Börse „Dieses Mal ist alles anders.“"
"511","2020-02-28","internetbasiert","meine-wiking-welt - Passat Variant IV. meine-wiking-welt.eu, 2020-02-28","https://www.meine-wiking-welt.eu/pkw/volkswagen/passat-variant-iv/","VW Passat Variant 043 W 1995 stahlblau, IE mit separiertem Lenkrad eisengrau, Innenspiegel Teil der Verglasung, plastische Scheibenwischer + Heckwischer, 2 Außenspiegel in Wagenfarbe, Frontscheinwerfer + Blinker klartransparent + Rückleuchten rottransparent eingesetzt, mit plastische Dachreling in Wagenfarbe, VW-Logo silbern, Seitliche Stoßleiste schwarz, Räder zweiteilig Alufelgen mit aufgezogenen Reifen, Bodenplatte schwarz, Bodenprägung modernes Wiking-Logo + ""VW"" + ""Passat"" + ""Berlin-W"" + ""Germany""."
"512","2018-08-29","internetbasiert","Panasonic und Vodafone vernetzen Heimgeräte via Narrowband-IoT / Erste Tests mit Panasonic Klimageräten ab Herbst geplant. 0800hardware.de, 2018-08-29","http://0800hardware.de/panasonic-und-vodafone-vernetzen-heimgeraete-via-narrowband-iot-erste-tests-mit-panasonic-klimageraeten-ab-herbst-geplant/","The ease of use of a Nano board with the addition of secure IoT and BT connectivity Small (45mm x 18mm), robust and powerful board; 3.3V variant of the Nano family."
"513","2020-12-17","internetbasiert","Keine Impfexperimente in NRW. Schariagegner, 2020-12-17","https://schariagegner.wordpress.com/2020/12/17/keine-impfexperimente-in-nrw/","Daar verspreidt de nieuwe variant van het virus zich erg snel."
"514","2020-01-01","internetbasiert","Der Volkswagen Golf Variant: Der Allrounder. heisel.de, 2020-01-01","https://www.heisel.de/der-volkswagen-golf-variant-der-allrounder/","Ihr Golf Variant kann für Sie das Lenken übernehmen, wenn es ums Einparken und Rangieren mit Anhänger geht."
"515","2020-08-10","internetbasiert","Alle Wertungen. buecher-monster.de, 2020-08-10","https://buecher-monster.de/alle-wertungen/","Feedback (Variant #2) – Robison Wells"
"516","2019-01-01","internetbasiert","OMSI 2 Add-On Studio Polygon Lite Pack Steam Key für PC online kaufen. Gamesplanet.com, 2019-01-01","https://de.gamesplanet.com/game/omsi-2-add-on-studio-polygon-lite-pack-steam-key--2886-38","9.6m Dublinbus variant, with Engine/Gearbox Options listed above."
"517","2020-10-07","internetbasiert","Video-Dreh bei der Bauherrenfamilie Heil. Hanse Haus, 2020-10-07","https://www.hanse-haus.ch/de/fertighaus-referenzen/familie-heil/","Merkmale Hausserie Variant Hausname Variant 169 Verwendung Einfamilienhaus Dachform Satteldach Dachneigung 28 Grad Wohnfläche 180,00 m² Anzahl Geschosse 2 Baujahr 2016 Baudauer 15 Wochen"
"518","2019-12-19","internetbasiert","ABC Design Winterfußsack | Kinderhaus Blaubär. kinderhaus-blaubaer.de, 2019-12-19","https://www.kinderhaus-blaubaer.de/kinderwagen-kindersitze/kinderwagen-zubehoer/fusssaecke/abc-design-winterfusssack-2020-21_34175_52850","[...] { _tsRatingConfig = { tsid : 'X0C74C395F78C2D0663798C126CCFC286', element : '#ts_review_sticker', variant : 'testimonial', reviews : '5', betterThan : '3.0', richSnippets : 'on', backgroundColor : '#FFDC0F', linkColor : '#000000', quotationMarkColor : '#FFFFFF', fontFamily : 'Arial', reviewMinLength : '10' }; var scripts = document.getElementsByTagName('SCRIPT'), me = scripts[scripts.length - 1]; var _ts = document.createElement('SCRIPT'); _ts.type = 'text/javascript'; _ts.async = true; _ts.src = '//widgets.trustedshops.com/reviews/tsSticker/tsSticker.js'; me.parentNode.insertBefore(_ts, me); _tsRatingConfig.script = _ts; })(); [...]"
"519","2020-01-01","internetbasiert","VW Vorteilspakete für Modelle älter als 4 Jahre. Volkswagen Österreich, 2020-01-01","https://www.volkswagen.at/service-zubehoer/volkswagen-service/angebote-und-aktionen/vorteilspakete","[...] 12-16 416,- 325,- Polo 03-09 481,- 358,- Polo 10-16 461,- 354,- Golf V 04-09 534,- 415,- Golf VI 09-13 461,- 334,- Golf VII 12-16 561,- 429,- Golf Variant Frontantrieb 10-12 453,- 325,- Golf Variant 4Motion 10-14 599,- 473,- Golf Plus 10-16 546,- 426,- Touran 03-10 534,- 415,- Touran 11-16 546,- 426,- Scirocco 1,4 L Benzin 08-16 546,- 426,- Eos 1,4 L Benzin 08-16 546,- 426,- New Beetle 12-16 546,- 426,- Tiguan 07-16 640,- 494,- Passat 06-09 603,- 477,- Passat 10-14 616,- 489,- Passat 15-16 630,- 472,- Sharan Frontantrieb 03-09 602,- 473,- Sharan 4Motion 03-09 620,- 489,- Sharan 10-16 705,- 559,- Touareg 03-10 1128,- 888,- Touareg 11-16 1149,- 902,- [...]"
"520","2020-01-01","internetbasiert","Matador MPS 400 Variant All Weather 2 195/70 R15 10 R. Autoreifenfinder, 2020-01-01","https://www.autoreifenfinder.ch/matador/mps-400-variant-all-weather-2/195-70-r15-10r-105305/","Matador MPS 400 Variant All Weather 2 ( 195/70 R15C 104/102R 8PR)"
"521","2020-11-01","internetbasiert","Kaspersky Password Manager. Lizenz2Go, 2020-11-01","https://lizenz2go.ch/products/kaspersky-password-manager","Spezifikationen Lizenz Lizenztyp Subscription Lizenz Lizenzdauer 1 Jahr Lizenzform ESD Anzahl Geräte 1x Sprache Deutsch Software Hersteller Kaspersky Produktfamilie Password Manager Produktserie Premium Herst.-Nr. {{ variant.sku }} Systemanforderungen Betriebssystem Android 4.4 oder höher iOS 12.0 oder höher Mac OS X 10.12.6 oder höher Windows 7 / 8 / 8.1 / 10 Festplattenspeicher mind."
"522","2020-06-09","internetbasiert","Die richtige Beladung des Autos [+Crashtest]. autorevue.at, 2020-06-09","https://autorevue.at/ratgeber/auto-richtig-beladen","Wie gefährlich schlecht oder gar nicht gesicherte Ladung sein kann, zeigt ein Crashtest des ÖAMTC: Dabei wurde die gleiche Ladung in zwei identischen Golf V Variant verstaut und einmal gut, einmal schlecht gesichert."
"523","2018-11-07","internetbasiert","Holländischer E-Auto-Fahrer erreicht nach 961 Tagen und 80000 km den Uluru in Australien. Grüne Autos, 2018-11-07","http://www.grueneautos.com/2018/11/hollaendischer-e-auto-fahrer-erreicht-nach-961-tagen-und-80000-km-den-uluru-in-australien/","Nach weiteren 134 Tagen Abenteuern in Australien präsentierte er seinen blauen auf Elektroantrieb umgerüsteten Volkswagen Golf Variant nun vor dem berühmten Uluru (auch als Ayers Rock bekannt) im Northern Territory."
"524","2020-12-17","internetbasiert","Keine Impfexperimente in NRW. Schariagegner, 2020-12-17","https://schariagegner.wordpress.com/2020/12/17/keine-impfexperimente-in-nrw/","De Britse mutatie van het coronavirus zou veel sneller overdraagbaar zijn dan de variant die al rondging."
"525","2018-12-28","internetbasiert","35C3: Hacker zeigt Schwachstellen in IoT-Netzwerk Sigfox auf. 0800hardware.de, 2018-12-28","http://0800hardware.de/35c3-hacker-zeigt-schwachstellen-in-iot-netzwerk-sigfox-auf/","Small (45mm x 18mm), robust and powerful board; 3.3V variant of the Nano family."
"526","2019-03-14","internetbasiert","Anthem sagt zur derzeitigen Krise: Wir haben eine Zukunft. Mein-MMO.de, 2019-03-14","https://mein-mmo.de/anthem-community-manager-antwortet-sorgen/","Also bei destiny kann man in raids alleine und strikes sind alle paar wochen in der nightfall variante alleine betretbar."
"527","2020-08-12","internetbasiert","Achsschenkel links vorne VW Golf VI Variant (AJ5) 1.6 TDI 77 kW 105 PS (07.2009-07.2013) | 112184. Kempers.de, 2020-08-12","https://www.kempers.de/achsschenkel-links-vorne-vw-golf-vi-variant-aj5-1k0407255p/112184","Model: Golf VI Variant (AJ5)"
"528","2019-02-28","internetbasiert","Partnerschaft zwischen Mobilnetzbetreibern wird geschmiedet, um global vernetzte IoT-Cloud-Lösung bereitzustellen. 0800hardware.de, 2019-02-28","http://0800hardware.de/partnerschaft-zwischen-mobilnetzbetreibern-wird-geschmiedet-um-global-vernetzte-iot-cloud-loesung-bereitzustellen/","Small (45mm x 18mm), robust and powerful board; 3.3V variant of the Nano family."
"529","2020-10-05","internetbasiert","Bodenarbeitsseil Dünn - Prices from 51.60 to 58.75. Bataliru, 2020-10-05","https://bataliru.de/products/bodenarbeitsseil-dunn-prices-from-51-60-to-58-75","[...] Farben Material Farben Gutschein Alle Produkte Suchen Suchen Einloggen Einkaufswagen Home Hund Hund Menü Hund Alles Halsbänder Leinen Anhänger Pferde Pferde Menü Pferde Alles Arbeitsseile Halsringe Knotenhalfter Zügel Anhänger Mensch Messanleitung Messanleitung Menü Messanleitung Hundehalsband Knotenhalfter Material & Farben Material & Farben Menü Material & Farben Material Farben Gutschein Alle Produkte Bodenarbeitsseil Dünn - Prices from 51.60 to 58.75 Normaler Preis €51,60 Sonderpreis €51,60 Angebot inkl. MwSt. zzgl. Versandkosten Title Variant for price 51.6 Variant for price 52 Variant for price 52.1 Variant for price 52.2 Variant for price 52.45 Variant for price 52.55 Variant for price 52.65 Variant for price 53.05 Variant for price 53.15 Variant for price 53.25 Variant for price 53.5 Variant for price 53.6 Variant for price 53.7 Variant for price 54.1 Variant for price 54.2 Variant for price 54.55 Variant for price 54.65 Variant for price 54.75 Variant for price 55.15 Variant for price 55.25 Variant for price 55.6 Variant for price 55.7 Variant for price 56.2 Variant for price 56.65 Variant for price 56.75 Variant for price 57.25 Variant for price 57.7 Variant for price 58.75 Variant for price 51.6 Variant for price 52 Variant for price 52.1 Variant for price 52.2 Variant [...]"
"530","2018-07-25","internetbasiert","MASSAGE - Loft Spa. Loft Spa, 2018-07-25","https://loft-spa.de/massage/","DIE INTENSIVE VARIANTE Basisbehandlung und on top Augenpflege, Hals- und Dekolletépflege sowie ein Handpeeling und Packung. (90 Minuten)"
"531","2020-08-01","internetbasiert","Lokalisieren Sie Ihre Software und erschließen Sie neue Märkte. sisulizer.de, 2020-08-01","https://www.sisulizer.de/online-help/SystemVariantDialog.shtml","Variant specifies a variant code."
"532","2020-07-01","internetbasiert","Klassische Häuser von unseren Hausanbietern. hausbau-portal.net 2020 - Alle Rechte reserviert!, 2020-07-01","https://www.hausbau-portal.net/nc/haeuser-musterhaeuser-hausbau/klassischehaeuser.html","Variant 35-154"
"533","2019-05-07","internetbasiert","Draußen schlafen mit Baby - Die Packliste für's Biwakieren und Lagern. Ausgebüxt, 2019-05-07","https://ausgebuext.info/draussen-schlafen-mit-baby-die-packliste-fuers-biwakieren-und-lagern/","Vll probieren wir mal die verschiedenen varianten im Garten aus :)."
"534","2018-02-25","internetbasiert","VW Golf V Variant. k-s-performance.de, 2018-02-25","https://k-s-performance.de/vw-golf-v-variant/","Codierungsmöglichkeiten / Anpassungen des VW Golf V Variant"
"535","2018-04-10","internetbasiert","Cerec Krone: Mit Cerec zum Zahnersatz ab einer Stunde (2020). Zahnarzt Dinkelsbühl, 2018-04-10","https://ihre-zahnaerzte.org/cerec-krone/","Das variante speziellen behandlungsräume nicht keramik ist mit."
"536","2019-12-27","internetbasiert","VW Golf VII Variant zu verkaufen. autorevue.at, 2019-12-27","https://autorevue.at/marktplatz/vw-golf-vii-variant","Verkaufsgrund: Top gepflegter Nichtraucherwagen, Langstreckenfahrzeug, lückenloses Serviceheft: VW Golf Variant Rabbit 1,6 TDI Automatik mit Abstandsradar und Pickerl bis 07/2020 sucht neuen Besitzer, der die Tugenden zu schätzen weiß."
"537","2019-03-25","internetbasiert","2 Einkommen (§ 2 EStG 1988; Teil 2) - ÖSV. ÖSV, 2019-03-25","https://www.steuerverein.at/2-einkommen-§-2-estg-1988-teil-2/","Variante a:"
"538","2020-10-18","internetbasiert","Viren, Panikmache, Macht-Mißbrauch – die zweite Corona-Welle. Conservo, 2020-10-18","https://conservo.wordpress.com/2020/10/18/viren-panikmache-macht-missbrauch-die-zweite-corona-welle/","„This SARS-CoV-2 Variant Correlates Strongly With Fatality Rates Across Countries"
"539","2020-08-03","internetbasiert","Variant 3521 P5 | 515x205cm - 3,5t | Hochlader - Hochplane. PKW-Anhänger kaufen bei P+P Anhängercenter | Wohnmobil Vermietung & Anhängervermietung, 2020-08-03","http://www.ppanhaengercenter.com/store/p823/Variant-3521-P5-515-x-205-cm.html","Variant Hochlader mit Planenaufbau"
"540","2018-10-18","internetbasiert","VW startet Diesel-Umtauschprogramm. ecomento.de, 2018-10-18","https://ecomento.de/2018/10/18/vw-startet-diesel-umtauschprogramm/","Bei Jahreswagen stehen generell alle Antriebsarten zur Auswahl, die Prämienhöhe beträgt dabei für die Modelle Golf, e-Golf, Golf Sportsvan, Golf Variant, Touran, Passat Limousine und Passat Variant 75 Prozent, für die übrigen Modelle 50 Prozent der jeweiligen Umweltprämie für Neuwagen."
"541","2020-01-01","internetbasiert","CNC-Drehteile. RMM Metallbearbeitung GmbH, 2020-01-01","https://www.rmm-metallbearbeitung.de/produktpalette/cnc-drehteile/","[...] btn2_text_color=“#ffffff“ btn2_text_hovercolor=“#333333″ title_font_size=“desktop:18px;“ title_line_ht=“desktop:28px;“ btn_border_radius=“2″ btn1_heading_style=“font-weight:700;“ btn2_heading_style=“font-weight:700;“ css_dualbtn_design=“.vc_custom_1581678130098{margin-top: 0px !important;margin-bottom: 0px !important;padding-top: 0px !important;padding-bottom: 0px !important;}“ btn_width=“250″ btn1_font_family=“font_family:Roboto|font_call:Roboto|variant:700″ btn2_font_family=“font_family:Roboto|font_call:Roboto|variant:700″][/vc_column][/vc_row][vc_row equal_height=“yes“ bg_type=“bg_color“ bg_override=“full“ css=“.vc_custom_1572950423405{border-top-width: 50px !important;padding-bottom: 50px !important;}“][vc_column][vc_column_text css=“.vc_custom_1581677490237{margin-top: 30px !important;}“]Mehr als 1.000 m2 Produktionsfläche mit modernstem Maschinenpark und 20 qualifizierten Fachkräften machen uns somit zu einem produktiven und zuverlässigen Partner. [...]"
"542","2020-01-01","internetbasiert","22-210. isover.ch, 2020-01-01","https://www.isover.ch/de/solutions/22-210","[...] Description Unité 1 Unité 2 Variant 1 Variant 2 Variant 3 Variant 4 Variant 5 Variant 6 PB F 030 d [mm] 120 140 160 180 200 220 Wärmeschutz im Winter und Sommer * ** ** *** *** *** Wärmedurchgangskoeffizient U [W/(m2 K)] 0.21 0.18 0.16 0.15 0.13 0.12 Wärmeschutz im Sommer Wärmespeicherfähigkeit (mit Rsi) κi [Wh/m2 K)] 15 15 15 15 15 15 Schalldämmung Bewertetes Schalldämm-Mass Rw ca. [dB] 70 71 72 73 74 74 Ökologie Umweltbelastungspunkte UBP [Pt/(m2 a)] 1507 1524 1541 1558 1574 1591 Anteil Dämmung – [%] 7 8 9 10 11 12 [...]"
"543","2018-09-01","internetbasiert","MMX 300. beyerdynamic GmbH & Co. KG, 2018-09-01","https://www.beyerdynamic.de/mmx-300.html","sa2 Solved Variant"
"544","2020-02-18","internetbasiert","VW Limousine gebraucht online kaufen. instamotion.com, 2020-02-18","https://www.instamotion.com/marke/volkswagen/limousine","Als klassischer Kombi praktisch Synonym für den Passat: der Variant."
"545","2020-09-23","internetbasiert","DER WELTKRIEG mit todbringenden manipulierten Viren geht in die zweite Phase. Conservo, 2020-09-23","https://conservo.wordpress.com/2020/09/23/der-weltkrieg-mit-todbringenden-manipulierten-viren-geht-in-die-zweite-phase/","A SARS-CoV-2 variant carrying the Spike protein amino acid change D614G has become the most prevalent form in the global pandemic."
"546","2019-02-26","internetbasiert","Autovermietung: Unsere Modelle - Tepass Mobility GmbH. Tepass Mobility GmbH + Co. KG, 2019-02-26","https://tepass-mobility.de/autovermietung-2/","Hier finden Sie die Auswahl des Fahrzeugtyps – VW Golf Variant."
"547","2019-06-01","internetbasiert","MAINTENANCE PAGE – BoWiDo. lbprofile.de, 2019-06-01","https://lbprofile.de/maintenance-page/","[...] SEITE UNTER KONSTRUKTION HOME Inspiration Projekte News Kunststoff Kunststoff Fenster LB PCD 70 LB PCD 82 LB PCD 82 XT SCHUECO LIVING KUBUS 6 SCHUECO LIVING VARIANT 15 SCHUECO LIVING 82 AS Kunststoff Haustüren LB PCD 70 LB PCD 82 LB PCD 82 XT SCHUECO LIVING KUBUS 6 SCHUECO LIVING VARIANT 15 SCHUECO LIVING 82 AS Kunststoff Schiebetüren SCHUECO LIVING SLIDE Aluminium Aluminium Fenster AWS 70 HI AWS 75 SI AWS 90 SI Aluminium Haustüren ADS 70 HI ADS 70 HD HI ADS 75 SI ADS 90 SI AD UP 75 Aluminium Schiebetüren ASE 60 ASS 50 ASE 80 ASS 70 FD Zubehör Glas Dichtung Griffe Katalog Video Kunden Klaes Über uns Das Unternehmen Partner Zertifikate Kontakt Impressum Sidebar [...]"
"548","2019-06-06","internetbasiert","Neuer VW Passat (2020): Ab sofort ab 34.720 Euro bestellbar. Auto Motor Und Sport, 2019-06-06","https://www.auto-motor-und-sport.de/neuheiten/neuer-vw-passat-2020-facelift/","Die 190-PS-Limousine kostet ab 38.750 Euro, der Variant ab 39.825 Euro."
"549","2020-03-10","internetbasiert","Familienauto-Vergleich 2020: Preis-Leistung, Angebote und Modelle. Carwow, 2020-03-10","https://www.carwow.de/familienauto","Ersparnis zur UVP sichern Unsere besten Kombi-Familienautos 1. VW Passat Variant mit 7.300 € durchschn."
"550","2019-05-14","internetbasiert","Tolle deko für die Firmenfeier || HUADLING Buttons. HUADLING, 2019-05-14","https://huadling.de/individuell/firmenfeier-deko/","Button varianten: Classic, Soft touch, Metallic, Neon, Leuchtend im dunklen"
"551","2018-04-20","internetbasiert","""Ratten"" – ein Horror-Comic entsteht. Sascha Dörp ComicCabin, 2018-04-20","https://comiccabin.com/ratten-ein-horror-comic-entsteht/","Im Anschluss kamen noch Cover und Variant sowie einige Illustrationen für die Buchgestaltung dazu."
"552","2019-08-16","internetbasiert","IoT-Drucker sind Einfallstore für Hacker. 0800hardware.de, 2019-08-16","http://0800hardware.de/iot-drucker-sind-einfallstore-fuer-hacker/","Small (45mm x 18mm), robust and powerful board; 3.3V variant of the Nano family."
"553","2020-04-27","internetbasiert","FS249 Hemmungsloser Hinterhoftoilettensex. Freak Show, 2020-04-27","https://freakshow.fm/fs249-hemmungsloser-hinterhoftoilettensex","Muss dann gerade mit friert ich meine gibt für linux oder für raspeln gibt's ja extra so varianten gibt auch bei linux systeme die dafür gedacht sind auf dem flash rumzueiern auf so ein auf so einem sagen wir mal eher schreibt flashaber wenn jetzt ein normales darauf machst selbst wenn dein router selber nicht viel schreibt aber du hast da x prozesse die irgendwann rum loggen ja da musst du deine."
"554","2019-11-08","internetbasiert","VW Archives - FINESTAUTOMOTIVE.com. FINESTAUTOMOTIVE.com, 2019-11-08","https://www.finestautomotive.com/brands/vw/","Im VW Golf Variant 1.6 TDI BMT Trendline befindet sich ein Diesel-Motor."
"555","2018-10-26","internetbasiert","Suche. tksoft-online.de, 2018-10-26","http://www.tksoft-online.de/index.php/ms-access/bsp-db-s/bsp-downloads-datum-und-zeit/29-berechnung-von-kalenderwochen-din-1355","Dim varKW As Variant varKW = Format(""DeinDatum"", ""ww"", vbMonday) 'oder varKW = Format(""DeinDatum"", ""ww/yyyy"", vbMonday)"
"556","2020-01-01","internetbasiert","21-635. isover.ch, 2020-01-01","https://www.isover.ch/de/solutions/21-635","Description Unité 1 Unité 2 Variant 1 Variant 2 Variant 3 Variant 4 Variant 5 Variant 6 Akustische Korrektur Frequenz f [Hz] 125 250 500 1000 2000 4000 mittel Schallabsorptionskoeffizient αS [–] 0.59 1.07 1.15 0.93 0.91 0.92 0.93"
"557","2020-11-22","internetbasiert","Skoda Octavia iV PHEV Fahrbericht 2021 - Autogefühl. Autogefühl, 2020-11-22","https://www.autogefuehl.de/2020/11/22/skoda-octavia-iv-phev-fahrbericht-2021/","Damit ist der Skoda Octavia 41 cm länger als der plattform-gleiche VW Golf hatch, 13 cm länger als ein Golf Variant und 8 cm kürzer als ein VW Passat."
"558","2020-05-18","internetbasiert","Nordvpn funktioniert nicht amazon prime – Nordvpn : Rabatt-Code. Bester VPN-Vergleicher, 2020-05-18","http://minecraftopia.de/nordvpn-funktioniert-nicht-amazon-prime-nordvpn-rabatt-code/","Vor nordvpn logfrei dem permanente cookies und die nutzung von uns benutzt zu umgehen, wird dabei zwischen zwei vpn-server, um das sich die genauso verwenden, und von apple und hat zum service nutzen möchtest, kannst also nicht, aber musst du dir das abo variante der wichtigsten einsatzzwecke wäre es große abdeckung dieses dienstes zahlreiche filme aus anderen programme, die nordvpn manuelle Einstellung website verwendet wird."
"559","2020-11-01","internetbasiert","Die VW Golf Familie. Autohaus Vögler, 2020-11-01","https://voegler.de/auto-kaufen/neuwagen-modelle/die-golf-familie","Der Golf Variant zeigt sich vielseitig und dynamisch – genau wie Sie!"
"560","2018-10-18","internetbasiert","Paessler und Sigfox beschleunigen IOT-Einführung. 0800hardware.de, 2018-10-18","http://0800hardware.de/paessler-und-sigfox-beschleunigen-iot-einfuehrung/","The ease of use of a Nano board with the addition of secure IoT and BT connectivity Small (45mm x 18mm), robust and powerful board; 3.3V variant of the Nano family."
"561","2019-10-11","internetbasiert","TAT0197 - Adobe Premiere Rush mein weapon of choice für Webclips | TheAngryTeddy.com - Social Media & Online Marketing. TheAngryTeddy.com - Social Media & Online Marketing, 2019-10-11","https://theangryteddy.com/tat0197-adobe-premiere-rush-mein-weapon-of-choice-fuer-webclips/","Und über die cloud das ganze dann mit einer desktop variante von brush abgeglichen wird und ich beispielsweise mit dem schnitt am handy beginnen kann und ihn dann am desktop eben finalist tiere."
"562","2020-05-10","internetbasiert","Nordvpn fehlende Server – Nordvpn | Werbecode. Bester VPN-Vergleicher, 2020-05-10","http://minecraftopia.de/nordvpn-fehlende-server-nordvpn-werbecode/","Sprecher der loewe technologies nordvpn org phil gmbh hat einen passenden tarif den tunnel vorab ausgetauschten schlüssel bis zur freiheit von expressvpn oder nicht : sowohl einrichtung des vpn-programms oder lieber nicht erhältlich ist, so ausgefeilt wie es sich, einfach bedienbar, die nordvpn-Chrom-Proxy-Erweiterung günstigste variante wirklich anonym und welche daten gewähren, bietet eine variante für andere plattformen und betriebene server-farm, sondern auch eine der regel viele lösungen, wie china bietet."
"563","2018-06-01","internetbasiert","Haben Sie Fragen?. Hanse Haus, 2018-06-01","https://www.hanse-haus.ch/de/fuer-sie/mediathek/360-grad-touren/","360°-Rundgang: Variant 35-163"
"564","2019-12-09","internetbasiert","Volkswagen Touran Test mit Fotos und Expertenmeinung.. carwow.de, 2019-12-09","https://www.carwow.de/volkswagen/touran","In einem Passat Variant passen maximal 1.780 Liter auf die Ladefläche."
"565","2020-06-16","internetbasiert","Automatten Automatik Bestenliste. Teppiche gesucht ? ➡️ Teppich kaufen online & schnell ➡️, 2020-06-16","https://teppich-helden.de/automatten/automatten-automatik-bestenliste/","Passend für: VW Golf 7 (5G) / GTI / GTD / R / Variant alle ab Baujahr 2012- Nicht passend beim e-Golf"
"566","2020-01-01","internetbasiert","21-220. isover.ch, 2020-01-01","https://www.isover.ch/de/solutions/21-220","Description Unité 1 Unité 2 Variant 1 Variant 2 Variant 3 Variant 4 Variant 5 Variant 6 PB F 030 d [mm] – – – – 40 100 PB F 030 d [mm] 120 140 180 200 200 200 Wärmeschutz im Winter und Sommer * ** ** ** *** Wärmedurchgangskoeffizient:"
"567","2020-07-19","internetbasiert","suche programmer für pic16c745 Ersatzteilversand. forum.electronicwerkstatt.de, 2020-07-19","https://forum.electronicwerkstatt.de/phpBB/Microcontroller/suche_programmer_fuer_pic16c745-t33621f28_bs0.html","[...] also so wie ich das eben herausgefunden habe unterscheiden sich die pic16C zu den pic 16f dahingehend das c onetimeprogrammable oder wie mans nennt sind und F steht für flash also mehrmals programmierbar. und wenn ich das eben so richtig ergooglet hab kann ich mir mit dem brenner x von sprut.de (bin gerade noch am suchen welchen) jeden pic 16 brennen. also auch die OTP und die Flash varianten. (RRRIICHTIG?) hmm. so wie ich das eben im überfliegen des datenblattes gefunden hab brauchen die zum proggn ne programmierspannung von XX V an MCLR(not)/VPP. aber ist das nun versorgungsspannung(5V) oder muss ich da wirklich xx volt anlegen. find ich leider nicht im datenblatt. soll ja ne einmal schaltung werden also nehm ich die OTP version. falls ich die morgen überhaupt bei dem Conr... finde. [...]"
"568","2020-11-19","internetbasiert","Die Gesichter der Deutschschweizer Coronakrise 2020 – Teil 2. OneDoc, 2020-11-19","https://about.onedoc.ch/de/blog/coronakrise-expertinnen-in-den-medien/","In our latest preprint, we describe a novel #SARSCoV2 variant that has spread across Europe this summer & what it can tell us."
"569","2018-09-02","internetbasiert","Gosund SP1 mit Tasmota - Der Bastelbunker. Der Bastelbunker, 2018-09-02","https://www.bastelbunker.de/gosund-sp1-mit-tasmota/","danke, variante 2 ist auch quatsch, das gerät bekommt ja gar keinen strom >_<"
"570","2020-08-19","internetbasiert","Nähanleitung Basicshirt Anna. Schnittmuster Berlin, 2020-08-19","https://schnittmuster-berlin.de/blogs/nahanleitungen/nahanleitung-basicshirt-anna","Variant 2:"
"571","2020-02-14","internetbasiert","covid19. Biopilz, 2020-02-14","https://biopilz.wordpress.com/2020/02/14/covid19/","„Deutschland anscheinend unfähig, auf Coronavirus zu testen“ u forum(zb) -oh oh… ich fürchte, da bleibt nur noch beten! na vielleicht werden wir ja erhört u das virus mutiert noch rechtzeitig in schwächere varianten…"
"572","2020-01-01","internetbasiert","VOLKSWAGEN Teilekatalog. Autoteile-Rathenow Autoteile-Premnitz Ersatzteile Neuteile - Automarkt in Rathenow - Premnitz, 2020-01-01","https://www.autoteile-rathenow.de/gebrauchtteile/volkswagen-teilekatalog/","16 % MwSt. zzgl. Versandkosten VW Golf III Variant Fahrertür weiss Farbcode LB9A Lieferzeit:"
"573","2020-05-11","internetbasiert","VW Diesel zurückgeben - Wertverlust vermeiden. Wertverlust Diesel |, 2020-05-11","https://wertverlust-diesel.de/vw-diesel-zurueckgeben/","VW Passat (1.4 TSI, 1.6 TDI, 2.0 TDI, 2.0 TDI Variant)"
"574","2019-06-26","internetbasiert","Hab ich Patzer ge mach?! #1 - Grumbeerschach. Grumbeerschach, 2019-06-26","https://www.grumbeerschach.de/hab-ich-patzer-ge-mach-1/","31…Kg8-f8 läuft in eine wunderbare Variante: 32.f4-f5 De7xg5 33.f5xg6 Te8xe6 34.g6xh7 Te6-h6 35.Th1xh6 Dg5xh6 36.Td1-h1."
"575","2018-11-08","internetbasiert","Erst IoT und KI machen es interessant: Das faltbare Smartphone von Samsung. 0800hardware.de, 2018-11-08","http://0800hardware.de/erst-iot-und-ki-machen-es-interessant-das-faltbare-smartphone-von-samsung/","Small (45mm x 18mm), robust and powerful board; 3.3V variant of the Nano family."
"576","2019-08-22","internetbasiert","Golf IV Variant 1.6 16V. Golf IV Variant 1.6 16V, 2019-08-22","https://autoverwertung-wildt.de/golf-iv-variant-1-6-16v/","Wollte fragen ob von dem Golf 4 variant noch die Heckklappe vorhanden ist?"
"577","2019-06-07","internetbasiert","Vorverkauf des neuen Passat. My Bavaria - Das Bayern-Magazin, 2019-06-07","http://my-bavaria.com/zu-den-auto-nachrichten/vorverkauf-des-neuen-passat/","5. Passat 2.0 TDI 4MOTION DSG, 140 kW/190 PS, Kraftstoffverbrauch (WLTP) kombiniert in l/100 km (Variant in Klammern): 4,9 (5,0); CO₂-Emission kombiniert in g/km: 129 (132)"
"578","2019-07-22","internetbasiert","Fahrzeug Detailsuche | Autocenter Gaus GmbH & Co. KG. Autocenter Gaus GmbH & Co. KG, 2019-07-22","https://autocenter-gaus.de/fahrzeugbestand/fahrzeug-detailsuche/","[...] Werkstattservice Audi Service Skoda Service Notdienst Unfall Spezialist Economy Service Teile & Zubehör Anfrage Ebay Shop Service Termin Mietwagen Unternehmen Ansprechpartner Meilensteine Kontakt Ansprechpartner Anfahrt und Öffnungszeiten Kontaktformular Karriere × Servicetermin Probefahrt Anfahrt Kontakt Karriere Fahrzeugbestand Fahrzeug Detailsuche Detailsuche - Fahrzeug(e) gefunden Fahrzeugtyp Bauart Abschleppwagen Andere Transporter/Lkw bis 7,5 t Cabrio/Roadster Fahrgestell Kastenwagen Kleinwagen Kombi Kombi, Kleinbus bis 9 Sitze Limousine Sportwagen/Coupé SUV/Geländewagen/Pickup Van/Kleinbus Wohnmobil andere Fahrzeugart Gebrauchtfahrzeug Jahreswagen Neufahrzeug Vorführfahrzeug Allgemeine Angaben Marke Audi MINI Volkswagen Modell A4 A6 Amarok Andere Arteon Caddy Cooper S Crafter e-Crafter Golf Grand California ID.3 ID.5 ID.Buzz NFZ Passat Variant Polo T-Cross T-Roc T6 T6 Multivan T6 Transporter T6.1 Taigo Tiguan Tiguan Allspace Touran up! Aktionen Standort Autocenter Gaus GmbH Getriebe Automatik Schaltgetriebe Alle Kraftstoffe Benzin Diesel Elektro Anzahl Türen 2/3 4/5 Klimatisierung 2-Zonen-Klimaautomatik 3-Zonen-Klimaautomatik 4-Zonen-Klimaautomatik Keine Klimaanlage oder -automatik Klimaanlage Klimaautomatik Außenfarbe Beige Blau Braun Gelb Grau Grün Rot Schwarz Silber Weiß Schadstoffklasse Euro6 Euro6d Euro6d-TEMP Umweltplakette 4 (Grün) [...]"
"579","2020-04-01","internetbasiert","Amiron wireless copper. beyerdynamic GmbH & Co. KG, 2020-04-01","https://www.beyerdynamic.de/amiron-wireless-copper.html","sa2 Solved Variant"
"580","2019-01-01","internetbasiert","Original Aluminium Felge VW | Top-Preis: 1.104,90 €. Top-Preis: 1.104,90 €, 2019-01-01","https://www.basenio.de/guenstig-kaufen/original-aluminium-felge-vw-57193/_golf-7/","[...] VW Golf VII Variant 2013/05-2019/12 BA5, BV5 1.4 TSI 1395 ccm, 103 KW, 140 PS VW Golf VII Variant 2017/04-2019/12 BA5, BV5 1.5 TSI 1498 ccm, 110 KW, 150 PS VW Golf VII Variant 2017/01-2019/12 BA5, BV5 1.0 TSI 999 ccm, 63 KW, 86 PS VW Golf VII Variant 2016/11-2019/12 BA5, BV5 2.0 GTD 1968 ccm, 130 KW, 177 PS VW Golf VII Variant 2016/12-2019/12 BA5, BV5 2.0 R 4motion 1984 ccm, 213 KW, 290 PS VW Golf VII Variant 2016/12-2019/12 BA5, BV5 2.0 R 4motion 1984 ccm, 228 KW, 310 PS [...]"
"581","2020-01-01","internetbasiert","21-650. isover.ch, 2020-01-01","https://www.isover.ch/de/solutions/21-650","Description Unité 1 Unité 2 Variant 1 Variant 2 Variant 3 Variant 4 Variant 5 Variant 6 Kassettenbreite b [mm] 500 600 600 Kassettentiefe t [mm] 160 140 160 ISOLENE P 032 d [mm] 20 20 20 CLADISOL 032 d [mm] 80 60 80 CLADISOL 032 d [mm] 140 140 140 Wärmeschutz im Winter und Sommer ** ** ** Wärmedurchgangskoeffizient:"
"582","2020-01-01","internetbasiert","11-400. isover.ch, 2020-01-01","https://www.isover.ch/de/solutions/11-400","Description Unité 1 Unité 2 Variant 1 Variant 2 Variant 3 Variant 4 Variant 5 Variant 6 ISOCONFORT 032 PR d [mm] 160 160 180 180 200 240 PB M 030 d [mm] 40 60 60 80 100 140 Wärmeschutz im Winter und Sommer ** ** ** *** *** **** Wärmedurchgangskoeffizient:"
"583","2018-10-17","internetbasiert","Audi plant neue Plug-in-Hybride mit bis zu 70 Kilometer Elektro-Reichweite. ecomento.de, 2018-10-17","https://ecomento.de/2018/10/17/audi-neue-plug-in-hybride-bis-zu-70-kilometer-elektro-reichweite/","Es gibt auch varianten wie beim BMW 225xi, wo der e Motor im Heck sitzt…"
"584","2018-09-06","internetbasiert","Klassische Engineering-Anbieter dank IoT mit neuen Chancen im Automotive-Markt. 0800hardware.de, 2018-09-06","http://0800hardware.de/klassische-engineering-anbieter-dank-iot-mit-neuen-chancen-im-automotive-markt/","Small (45mm x 18mm), robust and powerful board; 3.3V variant of the Nano family."
"585","2020-11-12","internetbasiert","VW ID.3 jetzt ab 34.112,77 Euro verfügbar. ecomento.de, 2020-11-12","https://ecomento.de/2020/11/12/vw-id-3-jetzt-ab-34-11277-euro-verfuegbar/","Das gibts in der Tech Variant für ~ 44,000."
"586","2020-06-01","internetbasiert","VW Passat Variant Business TDI DSG ACC LED Navi SHZ. autovisits.de, 2020-06-01","https://www.autovisits.de/autos/vw/passat/detail_5727728/","[...] Passat 60326 Frankfurt am Main TÜV: 07/2021, 101 kW (137 PS), Baujahr: 2000, Benzin, 208000 km, Automatic 650 € VW Passat 60326 Frankfurt am Main TÜV: 07/2021, Baujahr: 2000, Benzin, 208000 km, Automatic 700 € VW Passat 94116 Hutthurm Kein TÜV, Baujahr: 1998, Benzin, 177000 km 800 € VW Passat Rottenburg Kein TÜV, Diesel, 408000 km, Manuelle Schaltung 1.050 € VW Passat 89073 Ulm Kein TÜV, Benzin, 174140 km, Manuelle Schaltung 1.099 € VW Golf Variant 33602 Bielefeld Kein TÜV, 74 kW (101 PS), Diesel, 220000 km, Manuelle Schaltung 1.120 € VW Golf Variant 33602 Bielefeld Kein TÜV, 74 kW (101 PS), Diesel, 220000 km, Manuelle Schaltung 1.120 € VW Passat 91598 Colmberg Kein TÜV, Benzin, 234000 km, Manuelle Schaltung 1.200 € VW Passat Variant 47798 Krefeld Kein TÜV, 204 kW (277 PS), Baujahr: 2001, Benzin, 320400 km, Manuelle Schaltung, Blau 1.200 € VW Passat 91598 Colmberg Kein TÜV, Benzin, [...]"
"587","2018-01-18","internetbasiert","Intel kämpft mit schwerer Sicherheitslücke (Update: Intel veröffentlicht Server-Benchmarks) - Hardwareluxx. Hardwareluxx Media GmbH, 2018-01-18","https://www.hardwareluxx.de/index.php/news/hardware/prozessoren/45319-intel-kaempft-mit-schwerer-sicherheitsluecke-im-prozessor-design.html","Spectre Variante 1 Spectre Variante 2 Meltdown Intel Ja Ja alle CPUs ab 1995 (Pentium Pro)"
"588","2020-08-01","internetbasiert","Magicka Zauberer Mahlstromarena Build Elsweyer. elderscrollsbote.de, 2020-08-01","https://www.elderscrollsbote.de/builds/mag-sorcer-non-pet/","Durch den Eisherz Boni und Mechanikblick hat man eine massive Krittische treffer wo ihr Sehr oft ein Schutzschild erhaltet und so mehr aushalten könnt das ist so ziemlich die sicherste variante durch den Mahlstrom zu kommen als Zauberer."
"589","2020-05-07","internetbasiert","B80-Scheveninger Variante. schach-dreier.de, 2020-05-07","https://www.schach-dreier.de/Schachbuecher/Datentraeger/Eroeffnungen/B20-Sizilianisch/B80-Scheveninger-Variante","Startseite Impressum AGB Widerrufsbelehrung Datenschutz Kontakt Kategorien Impressum Neuheiten Sonderangebote Modernes Antiquariat / Antiquariat Ramschkiste / 0 - 3 € Schachbücher/Datenträger Eröffnungen SOS Repertoires A00-Sokolski A01-Larsen-Eröffnung A02-Bird-Eröffnung A07-Königsindischer Angriff A09 Reti-Eröffnung A15-Englisch A16-Englische Eröffnung A40-Englische- Verteidigung A45-Trompowski-Angriff A48-Königsindischer Aufbau A51-Budapest Gambit A53-Alt Indisch A57-Wolga-Benkö Gambit A60-Modern Benoni A80-Holländisch B01-Skandinavisch B02-Aljechin-Verteidigung B06-Modern Defence B07-Pirc-Ufimzew B10-Caro-Kann B20-Sizilianisch B23-Geschlossenes System B29-Nimzowitsch-Rubinstein-Variante B30-Rossolimo Variante B33-Lasker/Sweshnikow B60-Richter/Rauser-Angriff B70-Drachenvariante B80-Scheveninger Variante B21- Sizilianisch Morra-Gambit B70-Sizilianisch (Drachenvariante)"
"590","2019-06-09","internetbasiert","Rasenbelüfter -. Rasenbelüfter -, 2019-06-09","https://xn--gartengerte-kaufen-ttb.com/rasenbeluefter/","Es gibt auch die varianten die man mit einer Gabel beident diese sind auch sehr beliebt, da diese leicht zu bedienen sind und das sogar schnell."
"591","2018-06-24","internetbasiert","3 coole sommerspiele für heiße tage -. denktier.at, 2018-06-24","https://www.denktier.at/3-coole-sommerspiele-fuer-heisse-tage","zum glück gibt’s ja noch andere varianten!"
"592","2018-07-24","internetbasiert","Autotrailer mieten - Trailer Point. Trailer Point GmbH, 2018-07-24","https://www.trailer-point.de/vermietung/autotrailer-mieten/","Sie interessieren sich für den VARIANT Multi Transporter und möchten den Trailer bei uns mieten?"
"593","2020-04-07","internetbasiert","unterhaltskosten VW Golf Variant 1.6 TDI BMT. FINESTAUTOMOTIVE.com, 2020-04-07","https://www.finestautomotive.com/autos/vw-golf-variant-1-6-tdi-bmt/","Im VW Golf Variant 1.6 TDI BMT Trendline befindet sich ein Diesel-Motor."
"594","2018-05-31","internetbasiert","VW Passat Variant: Den neuen Volkswagen bewundern. Auto-Kombi, 2018-05-31","https://www.kombi.de/vw-passat-variant/","Und das muss der Passat Variant auch:"
"595","2020-08-03","internetbasiert","Variant 3321 P6 | 615x205cm - 3,5t | Multitransporter - Hochlader. PKW-Anhänger kaufen bei P+P Anhängercenter | Wohnmobil Vermietung & Anhängervermietung, 2020-08-03","http://www.ppanhaengercenter.com/store/p829/Variant-3321P6-Hochlader-Tridem-Pkw-Anhaenger.html","Variant 3321 P6 | 615x205cm - 3,5t | Multitransporter - Hochlader"
"596","2020-08-04","internetbasiert","Kaspersky Internet Security. Lizenz2Go, 2020-08-04","https://lizenz2go.ch/products/kaspersky-internet-security","Spezifikationen Lizenz Lizenztyp Subscription Lizenz Lizenzdauer 1 Jahr / 2 Jahre (siehe Auswahl) Lizenzform ESD Anzahl Geräte 1x - 10x (siehe Auswahl) Sprache Multilingual Software Hersteller Kaspersky Produktfamilie Internet Security Produktserie Standard Herst.-Nr. {{ variant.sku }} Systemanforderungen Betriebssystem Android 4.4 oder höher iOS 12.0 oder höher Mac OS X 10.12 oder höher Windows 7 / 8 / 8.1 / 10 Festplattenspeicher mind. 1.5 GB (PC) bzw. 2.6 GB (Mac) Arbeitsspeicher (RAM) mind. 1 GB (PC) bzw. 2 GB (Mac)"
"597","2019-11-14","internetbasiert","FS243 Das Schnarchen der Anderen. Freak Show, 2019-11-14","https://freakshow.fm/fs243-das-schnarchen-der-anderen","Ich bin nicht zielgruppe für ich stell mir das teil jetzt für meinen persönlichen bedarf zu hause hin da hätte ich dann lieber gerne die dreizehn zoll variante mit der guten tastatur und vielleicht ein bisschen mehr speichern,weil das ist ja das ist ja die weitere änderung diese gemacht haben du kannst dir bis zu vierundsechzig gigabyte ram da rein konfigurieren."
"598","2020-01-01","internetbasiert","33-200. isover.ch, 2020-01-01","https://www.isover.ch/de/solutions/33-200","Description Unité 1 Unité 2 Variant 1 Variant 2 Variant 3 Variant 4 Variant 5 Variant 6 Zementestrich d [mm] 50 PS 81 d [mm] 20 UNIROLL 035 d [mm] 180 Wärmeschutz im Sommer Wärmespeicherfähigkeit (mit Rsi) κi,oben [Wh/m2 K)] 13 Wärmespeicherfähigkeit (mit Rsi) κi,unten [Wh/m2 K)] 3 Schalldämmung Bewertetes Schalldämm-Mass Rw [dB] 62 Spektrum-Anpassungswerte (C;Ctr)"
"599","2020-01-01","internetbasiert","Matador MPS 400 Variant All Weather 2 195/70 R15 10 R. Autoreifenfinder, 2020-01-01","https://www.autoreifenfinder.ch/matador/mps-400-variant-all-weather-2/195-70-r15-10r-105305/","Bewerten Sie die Matador MPS 400 Variant All Weather 2"
"600","2018-04-25","internetbasiert","Energiepoller kombinieren verschiedene Anschlüsse. Energiepoller für innen & außen | GIFAS ELECTRIC GmbH, 2018-04-25","https://www.gifas.de/produkte/energiesaeulen-energiepoller/","3 mögliche varianten Deckel"
"601","2020-11-18","internetbasiert","Bayerisches Krippengeld: Höhe, Dauer und Anspruch. Elterngeld.de, 2020-11-18","https://www.elterngeld.de/bayerisches-krippengeld/","Variante a)"
"602","2018-02-02","internetbasiert","VW-Standort Zwickau soll 1500 Elektroautos pro Tag bauen. ecomento.de, 2018-02-02","https://ecomento.de/2018/02/02/vw-standort-zwickau-soll-1500-elektroautos-pro-tag-bauen/","Bis es soweit ist, werden in der sächsischen Stadt aber weiter in großer Stückzahl Verbrenner hergestellt – im vergangenen Jahr waren es insgesamt 290.000 Golf, Golf Variant und Passat Variant."
"603","2019-12-19","internetbasiert","Liebes von priebes ROLLUP-WETBAG M | Kinderhaus Blaubär. kinderhaus-blaubaer.de, 2019-12-19","https://www.kinderhaus-blaubaer.de/liebes-von-priebes-rollup-wetbag-m_34740_55957","[...] { _tsRatingConfig = { tsid : 'X0C74C395F78C2D0663798C126CCFC286', element : '#ts_review_sticker', variant : 'testimonial', reviews : '5', betterThan : '3.0', richSnippets : 'on', backgroundColor : '#FFDC0F', linkColor : '#000000', quotationMarkColor : '#FFFFFF', fontFamily : 'Arial', reviewMinLength : '10' }; var scripts = document.getElementsByTagName('SCRIPT'), me = scripts[scripts.length - 1]; var _ts = document.createElement('SCRIPT'); _ts.type = 'text/javascript'; _ts.async = true; _ts.src = '//widgets.trustedshops.com/reviews/tsSticker/tsSticker.js'; me.parentNode.insertBefore(_ts, me); _tsRatingConfig.script = _ts; })(); [...]"
"604","2019-07-24","internetbasiert","VOORWAARDEN - Reisemobil Bad Bentheim. Reisemobil Bad Bentheim, 2019-07-24","https://reisemobile-badbentheim.de/voorwaarden/","5.6 Zu den Wohnmobil rundumschutz gehören: Reiserücktrittsversicherung, Reiseabbruchversicherung, Reisegepäckversicherung, Camper-interieurversicherung, selbstbehalt-Reduzierung (CDW) variante 1 oder 2."
"605","2019-10-16","internetbasiert","Der neue Passat und Passat Variant - Auto ERZ GmbH. Auto ERZ GmbH, 2019-10-16","https://www.auto-erz.de/2019/10/der-neue-polo/","Und so ist es: Neben diversen komfortablen IQ.DRIVE Technologien, wie z.B. dem optionalen „Travel Assist“, verfügt der Passat und Passat Variant erstmals auch über We Connect."
"606","2020-06-06","internetbasiert","TA Technix Gewindefahrwerk ab1051kg VA Last passend für Audi A3, TT / Seat Leon III / Skoda Octavia III, Superb III / VW Arteon, Golf VII, Passat, Touran - D2 Racing Germany. D2 Racing Germany, 2020-06-06","https://www.d2racing-germany.de/produkt/ta-technix-gewindefahrwerk-ab1051kg-va-last-passend-fuer-audi-a3-tt-seat-leon-iii-skoda-octavia-iii-superb-iii-vw-arteon-golf-vii-passat-touran/","2WD+4WD – Limousine, Variant"
"607","2018-01-01","internetbasiert","Vom Abgasskandal betroffene Fahrzeuge. rechtsrat-abgas.de, 2018-01-01","https://www.rechtsrat-abgas.de/betroffene-fahrzeuge/","VW Passat (1.6 TDI, 2.0 TDI, 2.0 TDI Variant)"
"608","2018-10-04","internetbasiert","Zentrum für Innovative ProduktentstehungBerlin. sukatus.de, 2018-10-04","http://sukatus.de/projekte/zentrum-fuer-innovative-produktentstehungberlin/","varianten LINKS"
"609","2018-10-05","internetbasiert","Das Internet der Dinge verstehen: Anwendungsziele beim IoT im Fokus. 0800hardware.de, 2018-10-05","http://0800hardware.de/das-internet-der-dinge-verstehen-anwendungsziele-beim-iot-im-fokus/","The ease of use of a Nano board with the addition of secure IoT and BT connectivity Small (45mm x 18mm), robust and powerful board; 3.3V variant of the Nano family."
"610","2020-05-11","internetbasiert","Liste der betroffenen Fahrzeuge im Abgasskandal. Wertverlust Diesel |, 2020-05-11","https://wertverlust-diesel.de/betroffene-pkws/","VW Passat (1.4 TSI, 1.6 TDI, 2.0 TDI, 2.0 TDI Variant)"
"611","2020-01-01","internetbasiert","Unsinn Dreiseitenkipper UDK Smart Edition 204x366 3,5t|E-Pumpe|Rampe. Koch Anhängerwerke, 2020-01-01","https://www.kochanhaengerwerke.de/kipper/3-seitenkipper/unsinn-dreiseitenkipper-udk-smart-edition-204x366-3-5t-e-pumpe-rampe","Variant Heckkipper Variant 168x320cm 2,7t | E-Pumpe | Rampen | Gitter | Aktion"
"612","2019-04-28","internetbasiert","Unsere Abgeordnete im Landtag. gruene-holzminden.de, 2019-04-28","https://www.gruene-holzminden.de/meta-navigation/top/datenschutz","Variante 1: Typo3-Standardformular"
"613","2019-12-19","internetbasiert","Fillikid Wickelrucksack Dublin Exclusiv | Kinderhaus Blaubär. kinderhaus-blaubaer.de, 2019-12-19","https://www.kinderhaus-blaubaer.de/pflege-ernaehrung/wickeln/wickeltaschen/fillikid-wickelrucksack-dublin-exclusiv_34250_53353","[...] { _tsRatingConfig = { tsid : 'X0C74C395F78C2D0663798C126CCFC286', element : '#ts_review_sticker', variant : 'testimonial', reviews : '5', betterThan : '3.0', richSnippets : 'on', backgroundColor : '#FFDC0F', linkColor : '#000000', quotationMarkColor : '#FFFFFF', fontFamily : 'Arial', reviewMinLength : '10' }; var scripts = document.getElementsByTagName('SCRIPT'), me = scripts[scripts.length - 1]; var _ts = document.createElement('SCRIPT'); _ts.type = 'text/javascript'; _ts.async = true; _ts.src = '//widgets.trustedshops.com/reviews/tsSticker/tsSticker.js'; me.parentNode.insertBefore(_ts, me); _tsRatingConfig.script = _ts; })(); [...]"
"614","2019-03-28","internetbasiert","Lowboard 'Christel' - 1 Balken - daslandhus.de. daslandhus.de, 2019-03-28","https://www.daslandhus.de/produkt/tv-moebel-sideboard-lowboard-aus-alten-eichenbalken/","Wood type: Approx. 50 – 60 year old oak beam with history Length: maximum 260 cm Height: approx. 45 cm Depth: sandblasted version: approx. 26 cm Depth: variant sandblasted & additionally sawn: approx. 22 cm"
"615","2018-06-01","internetbasiert","Variant 25-166 mit Einliegerwohnung - V1 | HANSE HAUS. Hanse Haus, 2018-06-01","https://www.hanse-haus.ch/de/architektur/haeuser/haus/variant-25-166-mit-einliegerwohnung-variante-1/","In diesem Planungsbeispiel des Variant 25-166 teilt sich die Wohneinheit im Untergeschoss den gemeinsamen Eingang mit der Hauptwohnung im Erd- und Dachgeschoss."
"616","2019-03-17","internetbasiert","Apex Legends: So sieht die nächste Waffe im Spiel aus. RebelGamer.de, 2019-03-17","https://www.rebelgamer.de/2019/03/apex-legends-so-sieht-die-naechste-waffe-im-spiel-aus/76806","Forgot to tweet out the edgy legendary variant of L-Star pic.twitter.com/HiAeeCOtsK"
"617","2019-02-06","internetbasiert","Youtuber die autotester: 2019 VW Passat B8 Facelift R-Line, Alltrack, GTE | 2020 | Volkswagen | Review | Test | Deutsch. Ausfahrt.tv, 2019-02-06","https://ausfahrt.tv/youtuber-die-autotester-2019-vw-passat-b8-facelift-r-line-alltrack-gte-2020-volkswagen-review-test-deutsch/","Variant, sowie die Sondermodelle Passat Alltrack und Passat GTE."
"618","2020-03-31","internetbasiert","no-knead-bread auf österreichisch (inkl. zeitplan) - kulinarische notiz - esskultur. Esskultur, 2020-03-31","https://www.esskultur.at/no-knead-bread-auf-oesterreichisch-inkl-zeitplan/","neuer zeitplan für mein no-knead-bread (inkl. zutatenlisten für drei varianten) – PDF zum ausdrucken"
"619","2020-01-24","internetbasiert","VW Passat Variant Facelift - Der Kronprinz - NewCarz.de. NewCarz.de, 2020-01-24","https://www.newcarz.de/2020/01/24/vw-passat-variant-facelift-der-kronprinz/","Als Gegenwert für die zur Verfügung gestellte Leistung verlangte das VW Passat Variant Facelift im Drittelmix 8,4 Liter auf 100 gefahrene Kilometer."
"620","2020-08-01","internetbasiert","Überladeschutz für NiCd Ersatzteilversand. forum.electronicwerkstatt.de, 2020-08-01","https://forum.electronicwerkstatt.de/phpBB/Elektrische_Probleme/ueberladeschutz_fuer_nicd-t83808f6_bs0.html","Deshalb habe ich mich für die variante NiCd entschieden."
"621","2020-10-13","internetbasiert","Fenster aus Deutschland - Fenster inkl. Aufmaß und Montage zum Festpreis! - Elite-Fensterbau Unna. Elite-Fensterbau Unna, 2020-10-13","https://www.elite-fensterbau.de/fenster-aus-deutschland-fenster-inkl-aufmass-und-montage-zum-festpreis/","Rollladenaufsatzelemente aus Kunststoff – VEKA Variant 2.0 inkl. Aluminium- oder Kunststoffpanzer (grau)"
"622","2020-08-03","internetbasiert","Variant 3500 U6 | 620x210cm - 3,5t | Kippbarer Multitransporter mit Hochplane & Airlinefront. PKW-Anhänger kaufen bei P+P Anhängercenter | Wohnmobil Vermietung & Anhängervermietung, 2020-08-03","http://www.ppanhaengercenter.com/store/p866/Variant-3500-U6-Plane-Airlinefront.html","Variant 3500 U6 | 620x210cm - 3,5t | Hochplane mit Airlinefront"
"623","2019-12-22","internetbasiert","Tipps Archive - fullAccess. Fullaccess, 2019-12-22","https://www.fullaccess.de/access/tipps","Function fctAlter(Geburtsdatum As Variant) As Variant On Error GoTo Err_fctAlter If IsDate(Geburtsdatum)"
"624","2019-06-24","internetbasiert","ML/IoT Con, WebAssembly & JavaScript – Unsere Top-Themen der Woche. 0800hardware.de, 2019-06-24","http://0800hardware.de/ml-iot-con-webassembly-javascript-unsere-top-themen-der-woche/","Small (45mm x 18mm), robust and powerful board; 3.3V variant of the Nano family."
"625","2020-01-01","internetbasiert","Der Passat Variant: So souverän wie Sie. heisel.de, 2020-01-01","https://www.heisel.de/der-neue-passat-variant-so-souveraen-wie-sie/","Die optionalen Passat Variant R-Line Ausstattungen."
"626","2018-11-09","internetbasiert","Security neu denken: 5G und IoT verändern traditionelle Modelle für Netzwerksicherheit. 0800hardware.de, 2018-11-09","http://0800hardware.de/security-neu-denken-5g-und-iot-veraendern-traditionelle-modelle-fuer-netzwerksicherheit/","The ease of use of a Nano board with the addition of secure IoT and BT connectivity Small (45mm x 18mm), robust and powerful board; 3.3V variant of the Nano family."
"627","2020-05-07","internetbasiert","Warum nordvpn schlecht ist – Nordvpn | Wie verwenden Sie es?. Bester VPN-Vergleicher, 2020-05-07","http://minecraftopia.de/warum-nordvpn-schlecht-ist-nordvpn-wie-verwenden-sie-es/","Die november nordvpn 2018 konten gängigsten betriebssysteme zur verbindung mit utorrent weiter, die zugriffsanalyse und zeigt sich zu verwenden sie verlangen, oder bitcoin-account zu anderen geografischen einschränkungen zu 540 minuten eine hilfeseite für nord tor the onion variante keinen faktor, der datenschutzvereinbarung darlegt, dass alle angeschlossenen blockspeichergeräten abzufragen und die letzten aktivität illegal ist."
"628","2020-09-09","internetbasiert","VW Golf 8 Variant R-Line Premiere und Golf Alltrack - Autogefühl. Autogefühl, 2020-09-09","https://www.autogefuehl.de/2020/09/09/vw-golf-8-variant-r-line-premiere-und-golf-alltrack/","Während der klassische Golf einen Radstand von 2,63 m aufweist, kommt der neue Golf Variant auf 2,69 m."
"629","2020-05-06","internetbasiert","Effizientes Codieren. Access im Unternehmen, 2020-05-06","https://access-im-unternehmen.de/Effizientes_Codieren/","Nicht jedem ist bekannt, dass eine nicht explizit deklarierte Variable automatisch den Datentyp Variant erhält."
"630","2020-01-01","internetbasiert","Pongratz Heckkipper PK 2500 151x260cm 2,5t|Elektro|BWA. Koch Anhängerwerke, 2020-01-01","https://www.kochanhaengerwerke.de/kipper/rueckwaertskipper/pongratz-heckkipper-pk-2500-151x260cm-2-5t-elektro-bwa","Variant Heckkipper Variant 168x320cm 2,7t | E-Pumpe | Rampen | Aktion"
"631","2018-11-23","internetbasiert","Fototische. studiotische.de, 2018-11-23","https://www.studiotische.de/Fototische","Mit dem Photostar „Variant“ entscheiden Sie sich für die professionelle Lösung in Fragen „Fototisch“ und profitieren auf Grund der Konstruktion von verschiedenen Anwendungen wie hängende Objekte, Aufnahmen aus der Froschperspektive und in mehreren Ebenen."
"632","2020-02-25","internetbasiert","Farbmorphen / Varianten von D.leucomelas | Terrarien-Keller. Terrarien-Keller, 2020-02-25","https://www.terrarien-keller.de/farbmorphen-von-d-leucomelas","Der Morph ""Bolivar"" wird auch gerne als Genetzte variante unter den leucomelas bezeichnet und hat innerhalb der Leucomelas Familie eine etwas geringe Größe von 30 mm."
"633","2020-11-02","internetbasiert","532. Keine Massenimpfungen gegen SARS-CoV-2, keine Corona-Impfzentren und -Kühlketten, kein Geld für COVAX. Sägefisch, 2020-11-02","https://jacquesauvergne.wordpress.com/2020/11/02/532/","In testis, only an 8.0 kb splice variant was expressed (Mi et al., 2000). (…)"
"634","2020-12-25","internetbasiert","WKSA 2020 – Finale | fliegendesblatt. Fliegendesblatt, 2020-12-25","https://www.fliegendesblatt.de/wksa-2020-finale/","Deine Ein-Taschenbeutel- variante nähe ich auch öfter."
"635","2020-01-01","internetbasiert","11-400. isover.ch, 2020-01-01","https://www.isover.ch/de/solutions/11-400","Description Unité 1 Unité 2 Variant 1 Variant 2 Variant 3 Variant 4 Variant 5 Variant 6 ISOCONFORT 032 PR d [mm] 160 160 180 180 200 240 PB M 030 d [mm] 40 60 60 80 100 140 Wärmeschutz im Winter und Sommer ** ** ** *** *** **** Wärmedurchgangskoeffizient:"
"636","2020-10-05","internetbasiert","Bodenarbeitsseil Dünn - Prices from 51.60 to 58.75. Bataliru, 2020-10-05","https://bataliru.de/products/bodenarbeitsseil-dunn-prices-from-51-60-to-58-75","[...] Variant for price 54.55 Variant for price 54.65 Variant for price 54.75 Variant for price 55.15 Variant for price 55.25 Variant for price 55.6 Variant for price 55.7 Variant for price 56.2 Variant for price 56.65 Variant for price 56.75 Variant for price 57.25 Variant for price 57.7 Variant for price 58.75 Variant for price 51.6 Variant for price 52 Variant for price 52.1 Variant for price 52.2 Variant for price 52.45 Variant for price 52.55 Variant for price 52.65 Variant for price 53.05 Variant for price 53.15 Variant for price 53.25 Variant for price 53.5 Variant for price 53.6 Variant for price 53.7 Variant for price 54.1 Variant for price 54.2 Variant for price 54.55 Variant for price 54.65 Variant for price 54.75 Variant for price 55.15 Variant for price 55.25 Variant for price 55.6 Variant for price 55.7 Variant for price 56.2 Variant for price 56.65 Variant for price 56.75 Variant for price 57.25 Variant for price 57.7 Variant for price 58.75 In den Einkaufswagen legen Teilen Auf Facebook teilen Twittern Auf Twitter twittern Pinnen Auf Pinterest pinnen Teilen Auf Facebook teilen Twittern Auf Twitter twittern Pinnen Auf Pinterest pinnen [...]"
"637","2020-02-15","internetbasiert","Einfaches Rezept für Naan Brot. Ohne Ofen in der Pfanne backen. › kochen-und-backen-im-wohnmobil.de. kochen-und-backen-im-wohnmobil.de, 2020-02-15","https://www.kochen-und-backen-im-wohnmobil.de/indisches-fladenbrot-naan-brot-in-der-pfanne-backen/","das mit den stäbchen lassen wir mal weg, da nehme ich lieber die marokkanische variante und essen mit den fingern;).schokocreme obendrauf gefällt mir sehr🙂"
"638","2020-07-07","internetbasiert","„In the long shadow of the Great Recession“. Think beyond the obvious, 2020-07-07","https://think-beyondtheobvious.com/stelters-lektuere/in-the-long-shadow-of-the-great-recession/","„(griech. hysteros ‚hinterher, später‘), charakterisiert ein – bezogen auf die Eingangsgröße – variant verzögertes Verhalten einer Ausgangsgröße."
"639","2020-01-01","internetbasiert","Gitteraufsatz PDK. Koch Anhängerwerke, 2020-01-01","https://www.kochanhaengerwerke.de/et-shop/gitteraufsatz-pdk","Variant Hochlader Anhänger 3521 P5 | 205x515cm 3,5t | Pro-Line"
"640","2019-05-11","internetbasiert","Micellar Casein. Lee-Sport® c/o LeeGroup GmbH, 2019-05-11","https://whey-protein.ch/micellar-casein/","Sehr gut aber wieso 3 varianten?"
"641","2018-08-23","internetbasiert","Karl-Kolumne I Bronznik Tschigorin-Verteidigung I Schachmagazin Karl. Das kulturelle Schachmagazin Karl, 2018-08-23","https://karlonline.org/winz02","In der Variante 1.d4 d5 2.c4 Sc6 3.cd: Dd5: 4.Sf3 e5 5.Sc3 Lb4 6.Ld2 Lc3: 7.Lc3: e4 8.Se5"
"642","2018-10-08","internetbasiert","Datentransfer über hohe Reichweite im Sub-GHz-Bereich: Toleranter HF-Transceiver für IoT-Kommunikation mit ungenauer Trägerfrequenz. 0800hardware.de, 2018-10-08","http://0800hardware.de/datentransfer-ueber-hohe-reichweite-im-sub-ghz-bereich-toleranter-hf-transceiver-fuer-iot-kommunikation-mit-ungenauer-traegerfrequenz/","The ease of use of a Nano board with the addition of secure IoT and BT connectivity Small (45mm x 18mm), robust and powerful board; 3.3V variant of the Nano family."
"643","2020-02-19","internetbasiert","Bauleitpläne im Verfahren. Stadt Norderstedt, 2020-02-19","https://www.norderstedt.de/Wirtschaft-und-Entwicklung/Stadtplanung-und-Bauen/Bebauungspläne-und-sonst-Satzungen/Bauleitpläne-im-Verfahren?La=1&NavID=1087.310","B313-Strukturskizze Variante 3"
"644","2018-08-23","internetbasiert","Gastronomie Trends - Sind Sie vorne mit dabei?. Lightspeed HQ, 2018-08-23","https://www.lightspeedhq.de/blog/gastronomie-trends/","Temporäre varianten von Gastronomieunternehmen sind eine kosteneffiziente und schnelle Möglichkeit Publicity für sich zu erlangen."
"645","2018-02-12","internetbasiert","Quereinsteiger-Package – Variant Cover A. Liga deutscher Helden, 2018-02-12","http://ligadeutscherhelden.de/produkt/quereinsteiger-abo-variant-cover-a/","Du hast schon eines unserer exklusiven Variant Covers von Heft #1 (Variante A, von deutschen Künstlern gestaltet) ergattert und möchtest dir in Zukunft den Nervenkitzel ersparen, es bei einer Messe oder im Shop zu ergattern? –"
"646","2020-05-01","internetbasiert","Kia Ceed SW - Kombi mit Platz und Pfiff - NewCarz.de. NewCarz.de, 2020-05-01","https://www.newcarz.de/2020/05/01/kia-ceed-sw-kombi-mit-platz-und-pfiff/","Damit kann er die Konkurrenz a la Opel Astra ST, Seat Leon ST oder auch Golf Variant locker übertrumpfen."
"647","2020-01-01","internetbasiert","12-700. isover.ch, 2020-01-01","https://www.isover.ch/de/solutions/12-700","Description Unité 1 Unité 2 Variant 1 Variant 2 Variant 3 Variant 4 Variant 5 Variant 6 ISOTHERM 034 d [mm] 80 100 120 140 160 200 ISOTHERM 034 d [mm] 80 100 120 120 160 200 Wärmeschutz im Winter und Sommer * ** ** *** *** **** Wärmedurchgangskoeffizient:"
"648","2019-01-01","internetbasiert","Original Aluminium Felge VW | Top-Preis: 1.104,90 €. Top-Preis: 1.104,90 €, 2019-01-01","https://www.basenio.de/guenstig-kaufen/original-aluminium-felge-vw-57193/_golf-7/","[...] 180 KW, 245 PS VW Golf VII 2016/12-2019/12 5G1, BQ1, BE1, BE2 2.0 R 4motion 1984 ccm, 213 KW, 290 PS VW Golf VII 2016/12-2019/12 5G1, BQ1, BE1, BE2 2.0 R 4motion 1984 ccm, 228 KW, 310 PS VW Golf VII 2012/11-2019/12 5G1, BQ1, BE1, BE2 2.0 TDI 1968 ccm, 110 KW, 150 PS VW Golf VII 2016/12-2019/12 5G1, BQ1, BE1, BE2 e-Golf 100 KW, 136 PS VW Golf VII Variant 2013/05-2019/12 BA5 1.2 TSI 1197 ccm, 77 KW, 105 PS VW Golf VII Variant 2013/05-2019/12 BA5 1.2 TSI 1197 ccm, 63 KW, 86 PS VW Golf VII Variant 2014/04-2019/12 BA5 1.2 TSI 1197 ccm, 81 KW, 110 PS VW Golf VII Variant 2013/09-2019/12 BA5 1.4 TGI CNG 1395 ccm, 81 KW, 110 PS VW Golf VII Variant 2014/05-2019/12 BA5 1.4 TSI 1395 ccm, 92 KW, 125 PS VW Golf VII Variant 2014/05-2019/12 BA5 1.4 TSI 1395 ccm, 110 KW, 150 PS VW [...]"
"649","2020-04-27","internetbasiert","VW Leasing Angebote ✓ Günstig, Seriös, Schnell. gute-rate.de, 2020-04-27","https://www.gute-rate.de/vw-leasing-angebote/","UNSERE VW LEASING ANGEBOTE Volkswagen up! e-up! Climatronic DAB+ Composition Phone Volkswagen Passat GTE Variant 1.4 l TSI Hybrid (156 PS) Navigation LED ACC Volkswagen up!"
"650","2020-07-14","internetbasiert","Reparatur. 10 Kanal Equalizer von Knolle ... Riesenproblem mit Bauteilen Ersatzteilversand, 2020-07-14","https://forum.electronicwerkstatt.de/phpBB/Elektrische_Probleme/10_kanal_equalizer_von_knolle_riesenproblem_mit_bauteilen-t113916f6_bs0.html","Jetzt gibt es aber viele verschiedene varianten ..."
"651","2018-09-11","internetbasiert","10,09,18: Gib dem Drachen Zucker. Altschauerberg Anzeiger, 2018-09-11","https://altschauerberganzeiger.com/post/177967454486/100918-gib-dem-drachen-zucker","Über mein Privatleben wehre ich hier auch nicht zu viel erzählen aber ich gehe etwas mehr ins Private und schreibe freier als bei der ersten variante wo ich genau überlegt habe was ich wie schreibe."
"652","2019-12-07","internetbasiert","VW Golf 8 1.5 TSI: Leasing, Preis Neuer Golf 8 schon als Leasing-Angebot - Alfs Homepage. Alfs Homepage, 2019-12-07","https://www.alfshomepage.de/vw-golf-8-1-5-tsi-leasing-preis-neuer-golf-8-schon-als-leasing-angebot/","VW Golf Variant 1.5 TSI Highline: Leasing, Preis VW Golf Variant ab 99 Euro leasen"
"653","2020-01-01","internetbasiert","PLEXIGLAS. Reflecto GmbH | plattenzuschnitte.de, 2020-01-01","https://www.plattenzuschnitte.de/acrylglas/plexiglas","Diese Spezialanwendungen sind aus einer besonderen PLEXIGLAS®variante gefertigt, die hier nicht angeboten wird, demonstrieren aber dennoch die wesentlichen Charakteristika von PLEXIGLAS®: hochtransparent und modern."
"654","2018-01-24","internetbasiert","IoT wird zum Markt für den Channel. 0800hardware.de, 2018-01-24","http://0800hardware.de/iot-wird-zum-markt-fuer-den-channel/","The ease of use of a Nano board with the addition of secure IoT and BT connectivity Small (45mm x 18mm), robust and powerful board; 3.3V variant of the Nano family."
"655","2019-08-27","internetbasiert","Neuer Passat GTE mit mehr Reichweite. Schlütersche Fachmedien GmbH, 2019-08-27","https://www.amz.de/neuer-passat-gte-mit-mehr-reichweite","Jedoch wurde der bisherige GTE noch nach dem alten NEFZ Prüfzyklus getestet und erreichte dort als Variant rund 50 Kilometer rein elektrisch, so kommt das neue Modell auf 54 km im WLTP – was einer NEFZ Reichweite von etwa 70 Kilometern entspricht."
"656","2019-01-01","internetbasiert","Muffin-Grundrezept Variant 2 Rezept. muffin-welt.de, 2019-01-01","http://www.muffin-welt.de/muffin-rezepte/back-rezepte/muffin-grundrezept-2","Muffin-Grundrezept Variant 2"
"657","2019-08-21","internetbasiert","Blitz-Vorschau zum kommenden Votec Gravel Fondo 2019 im Pfälzer Wald und Nachschau auf das vergangene Jahr. Torsten Frank . : : . tfrank.de - Das Blog, 2019-08-21","https://torstenfrank.wordpress.com/2019/08/21/blitz-vorschau-zum-kommenden-votec-gravel-fondo-2019-im-pfalzer-wald-und-nachschau-auf-das-vergangene-jahr/","Biwakieren bin ich doch vom Transcontinental gewohnt – ich probiere einfach mal aus, wie es ist, im Golf Variant zu pennen.“"
"658","2020-07-01","internetbasiert","Trend Plus Archive - Lemke Bau GmbH. Lemke Bau GmbH, 2020-07-01","https://www.lemke-bau.de/category/lemke-spezials/trend-plus/","Die geradlinige Optik bildet gemeinsam mit den vielfältigen Raumaufteilungs- varianten ein hochmodernes…"
"659","2020-01-01","internetbasiert","32-300. isover.ch, 2020-01-01","https://www.isover.ch/de/solutions/32-300","[...] Description Unité 1 Unité 2 Variant 1 Variant 2 Variant 3 Variant 4 Variant 5 Variant 6 Zementestrich d [mm] 70 70 70 70 70 70 LURO 814 d [mm] – – – 60 60 60 LURO 814 d [mm] 60 60 80 60 60 80 LURO 814 d [mm] 60 80 80 60 80 80 Wärmeschutz im Winter * ** ** ** *** Wärmedurchgangskoeffizient U [W/(m2 K)] 0.26 0.22 0.20 0.18 0.16 0.15 Wärmeschutz im Sommer Wärmespeicherfähigkeit (mit Rsi) κi,oben [Wh/m2 K)] 13 13 13 13 13 13 Schalldämmung Bewertetes Schalldämm-Mass Rw ca. [dB] 73 74 75 76 77 77 Bewerteter Norm-Trittschallpegel L'nw [dB] 41 41 41 41 41 41 Spektrum-Anpassungswerte (Ci) [...]"
"660","2020-06-26","internetbasiert","VW baut letzten Verbrenner in Zwickau - electrive.net. electrive.net, 2020-06-26","https://www.electrive.net/2020/06/26/vw-baut-letzten-verbrenner-in-zwickau/","Der Golf Variant auf Basis des Golf 8 soll künftig zusammen mit dem Kompaktmodell in Wolfsburg gebaut werden."
"661","2020-04-05","internetbasiert","kann denksport für den hund auch falsch sein? -. Kann Denksport Für Den Hund Auch Falsch Sein? -, 2020-04-05","https://www.denktier.at/kann-denksport-fuer-den-hund-auch-falsch-sein","für die einsteiger in die kopfauslastung sind daher die simplen leckerli-suchspiele meist die bessere variante. es sollte nur nicht auf ewig dabei bleiben."
"662","2019-06-24","internetbasiert","FS237 Nicht genug Eierstöcke im Team. Freak Show, 2019-06-24","https://freakshow.fm/fs237-nicht-genug-eierstoecke-im-team","[...] Reden wir reden wir über,und zwar was jetzt möglich ist dass dieser notizen dazu nicht aber ich habe mir auch den vortrag dazu angeschaut du kannst jetzt lesen und schreiben,mit entsprechenden text die das ermöglichen und zwar tage sie generell halt diesen erfolg die äh standard dessen abkürzung ich jetzt gerade nicht am,im kopf habe da gibt 's auf jeden fall ein den müssen wir nochmal nachschlagenund sie haben aber auch support für so diese ganzen klassischen sachen also my fair,in verschiedenen varianten nicht in der unsicheren classic variante sondern in unsicheren neuere version und äh wie die anderen auch gleich was jetzt grad nicht so ganz genau. [...]"
"663","2020-02-11","internetbasiert","Fahrberichte - Autofahrer. Autofahrer, 2020-02-11","https://www.autofahrer-online.de/fahrberichte/","Mehr als 5.000 Euro liegen zwischen dem Basispreis eines Fiat Tipo Kombi und dem eines Golf Variant."
"664","2020-12-31","internetbasiert","VW Golf EU Neuwagen | Jütten und Koolen. Jütten und Koolen, 2020-12-31","https://www.juetten-koolen.de/fahrzeuge/eu-neuwagen/VW-Golf/1","VW Golf Variant Neufahrzeuge – Platz da!"
"665","2020-01-17","internetbasiert","80 Jahre Joker – und noch ein Special. Das Batman-Projekt, 2020-01-17","https://batmanprojekt.com/2020/01/17/the-joker-80th-anniversary-100-page-super-spectacular/","Die acht Variant Cover, die jeweils einer Dekade Tribut zollen werden, stammen unter anderem von David Finch, Jim Lee, Bill Sienkiewicz, Lee Bermejo und Jock."
"666","2020-01-01","internetbasiert","Entdecken Sie den VW Passat Variant im Volkswagen Zentrum Pillenstein an der Stadtgrenze Nürnberg/Fürth. ✅Neu- und ✅Gebrauchtwagen ✅kaufen / ✅leasen. Jetzt Probefahrt vereinbaren!. https://www.pillenstein.de/, 2020-01-01","https://www.pillenstein.de/autos/vw-pkw/neuwagen/passat-variant/","Nutzen Sie die optionalen R-Line-Pakete, um Eigenständigkeit und Sportlichkeit Ihres Passat Variant noch intensiver zur Geltung zu bringen:"
"667","2020-03-29","internetbasiert","Spanmesser: Test & Empfehlungen (09/21) HolzBiebel. Spanmesser: Test & Empfehlungen (09/21) HolzBiebel, 2020-03-29","https://kettenschaerfgeraet-test.de/spanmesser/","Was auf länger zeit gesehen die bessere und Kostengünstigere variante ist als fertiges Anzündholz zu Kaufen."
"668","2020-01-01","internetbasiert","Testberichte 1970. vw-411.de, 2020-01-01","http://vw-411.de/Testberichte-1970/","411 E Variant Dauertest 20.000 km"
"669","2019-06-03","internetbasiert","Ledger Nano X — Testbericht und Anleitung. Der Cryptotant, 2019-06-03","https://cryptotant.de/ledger-nano-x-review/","Um dir die Einrichtung zu vereinfachen, habe ich dir alle notwendigen Schritte mit der Smartphone variante zusammengefasst:"
"670","2018-04-19","internetbasiert","Volkswagen stellt I.D. R Pikes Peak am Sonntag vor. Elektroauto Blog, 2018-04-19","https://www.goingelectric.de/2018/04/19/news/volkswagen-stellt-i-d-r-pikes-peak-am-sonntag-vor/","Ein E-Golf Variant hätte mich jetzt eher interessiert."
"671","2018-02-06","internetbasiert","Motoraufhängung Motorlager Motor Lager Getriebe Audi Seat Skoda VW Golf 4 Beetle. netspares.de, 2018-02-06","https://netspares.de/Auto-Ersatzteile/Motor-Motorteile/Motoraufhaengung-Motorlager-Motor-Lager-Getriebe-Audi-Seat-Skoda-VW-Golf-4-Beetle::3595.html","[...] 75 1390 VW GOLF IV Variant (1J5) 1.6 05.99-04.02 74 101 1595 VW GOLF IV Variant (1J5) 1.6 08.00-06.06 75 102 1595 VW GOLF IV Variant (1J5) 1.6 16V 02.00-06.06 77 105 1598 VW GOLF IV Variant (1J5) 1.8 T 05.00-06.06 110 150 1781 VW GOLF IV Variant (1J5) 2.0 05.99-06.06 85 115 1984 VW GOLF IV Variant (1J5) 2.0 Bi-Fuel 02.02-06.06 85 116 1984 VW GOLF IV Variant (1J5) 1.9 TDI 05.99-05.06 66 90 1896 VW GOLF IV Variant (1J5) 1.9 TDI 05.99-06.01 81 110 1896 VW NEW BEETLE (9C1, 1C1) 1.6 06.00-09.10 75 102 1595 VW NEW BEETLE (9C1, 1C1) 1.8 T 10.99-09.10 110 150 1781 VW NEW BEETLE (9C1, 1C1) 2.0 01.98-09.10 85 115 1984 VW NEW BEETLE (9C1, 1C1) 1.9 TDI 01.98-06.04 66 90 1896 VW NEW BEETLE Cabriolet (1Y7) 1.8 T 01.03-09.10 110 150 1781 VW NEW BEETLE Cabriolet (1Y7) 2.0 09.02-10.10 85 115 1984 [...]"
"672","2020-08-03","internetbasiert","Variant 3321 TB | 414x210cm - 3,5t | Tridem Dreiseitenkipper Anhänger - Blattfederung. PKW-Anhänger kaufen bei P+P Anhängercenter | Wohnmobil Vermietung & Anhängervermietung, 2020-08-03","http://www.ppanhaengercenter.com/store/p748/variant-3321TB-414x210cm-3.5t-dreiseitenkipper-anhaenger-blattfederung.html","Variant 3321 TB | 414x210cm - 3,5t | Tridem Dreiseitenkipper Anhänger - Blattfederung"
"673","2020-09-04","internetbasiert","VW e-up! wegen großer Nachfrage vorerst nicht mehr bestellbar. ecomento.de, 2020-09-04","https://ecomento.de/2020/09/04/bestellstopp-fuer-elektroauto-vw-e-up-wegen-grosser-nachfrage/","Bei der ID.3 version haben sie auch tesla kopiert: zuerst die margenstärkeren varianten (mit mittleren akku und „pflicht“-ausstattungspaketen)."
"674","2018-12-20","internetbasiert","Über den Wolken. Inseldiva, 2018-12-20","https://sahnezumleben.wordpress.com/2018/12/20/ueber-den-wolken/","so hat jeder seine präferenzen, und genau deswegen gibt es die unterschiedlichen varianten. gut so."
"675","2020-06-06","internetbasiert","Der VW Passat für die grünen Momente - Usinger Anzeiger. Usinger Anzeiger, 2020-06-06","https://www.usinger-anzeiger.de/ratgeber/auto-und-motorrad/autotests/volkswagen/der-vw-passat-fur-die-grunen-momente_21770500","Länge 4,89 m Preis (Grundausstattung) 45 810 € Breite 1,83 m Kofferraumvolumen 483-1613l Höhe 1,52 m Testverbrauch 4,6 l plus 15 kWh/100 km kW/PS 160/218 CO2-Ausstoß (WLTP) 37 g/km VW Passat GTE Variant Highline Länge 4,89 m Preis (Grundausstattung) 45 810 € Breite 1,83 m Kofferraumvolumen 483-1613l Höhe 1,52 m Testverbrauch 4,6 l plus 15 kWh/100 km kW/PS 160/218 CO2-Ausstoß (WLTP) 37 g/km"
"676","2020-01-01","internetbasiert","VW Vorteilspakete für Modelle älter als 4 Jahre. Volkswagen Österreich, 2020-01-01","https://www.volkswagen.at/service-zubehoer/volkswagen-service/angebote-und-aktionen/vorteilspakete","[...] Modell Baujahr statt ab im Vorteilspaket ab Polo 03-09 205,- 162,- Polo 10-16 203,- 164,- Golf V Frontantrieb 04-09 191,- 153,- Golf V 4Motion 04-09 212,- 163,- Golf VI 09-13 179,- 142,- Golf VII 12-16 264,- 203,- Golf Variant 10-14 214,- 176,- Golf Plus 10-16 179,- 142,- Touran 03-10 212,- 163,- Touran 11-16 238,- 188,- Scirocco 1,4 L Benzin 08-16 181,- 142,- Eos 1,4 L Benzin 08-16 179,- 142,- New Beetle 12-16 205,- 166,- Tiguan 07-16 268,- 205,- Passat 06-09 257,- 193,- Passat 10-14 270,- 205,- Passat 15-16 279,- 195,- Sharan Frontantrieb 03-09 206,- 170,- Sharan 4Motion 03-09 252,- 204,- Sharan 10-16 270,- 205,- Touareg 03-10 483,- 386,- Touareg 11-16 513,- 408,- [...]"
"677","2018-04-10","internetbasiert","Variant 35 - 154. TM Handelsvertretung, 2018-04-10","https://www.genau-mein-zuhause.de/pf/variant-35-154/","0175 36 56 530 Beratungsgespräch vereinbaren Primary Menu Startseite Über mich Leistungen Musterhaus Erfahrungen Kontakt 11. April 2018 Hanse Häuser Variant 35 - 154 Hanse Haus 2 Variant 35 - 154 Hanse Haus Zurück"
"678","2020-08-03","internetbasiert","Variant Dreiseitenkipper Anhänger. PKW-Anhänger kaufen bei P+P Anhängercenter | Wohnmobil Vermietung & Anhängervermietung, 2020-08-03","https://www.ppanhaengercenter.com/variant-dreiseitenkipper-anhaenger.html","Variant 3519 TB | 361x185cm - 3,5t | Dreiseitenkipper Anhänger - Blattfederung mit Stahlgitteraufsatz"
"679","2019-12-09","internetbasiert","Ford Mondeo Turnier Hybrid Test mit Fotos und Expertenmeinung.. carwow.de, 2019-12-09","https://www.carwow.de/ford/mondeo-turnier-hybrid","Zu denen gehört zum Beispiel der VW Passat GTE Variant."
"680","2019-04-22","internetbasiert","Keno Auswertungsprogramm – Neue Online casino immer aktuell. schmiede-metallbau-haenel.de, 2019-04-22","http://schmiede-metallbau-haenel.de/keno-auswertungsprogramm/","Black jack varianten die Symbole mit niedrigeren Werten sind die Standard-Spielkarten von 9 bis A, welches in die Spielergehälter der kommenden Saison fließt."
"681","2020-05-10","internetbasiert","Nordvpn wie auf netfix gesehen – Nordvpn : Die Ergebnisse. Bester VPN-Vergleicher, 2020-05-10","http://minecraftopia.de/nordvpn-wie-auf-netfix-gesehen-nordvpn-die-ergebnisse/","Alternativmöglichkeit ist dies über alle varianten dann kam es beispielsweise überwachungsaktivitäten wie nordvpn Benutzerbewertung finden dort leistungsverbesserungen zu 6 accounts von cyberghost test antreten, müssen sie sich in klassischem schwarz zum fazit im anonymsten anbieter werben oder in unseren tests bereits drei tagen hinzugefügt."
"682","2019-03-24","internetbasiert","Programmier Tutorial: Apps für Android entwickeln – Teil 14: Mit Debugging Programmfehler im Quellcode finden. Mit Debugging Programmfehler im Quellcode finden in Android Studio, 2019-03-24","https://www.programmierenlernenhq.de/tutorial-android-debugging-mit-android-studio/","Ein Build Variant ist eine speziell konfigurierte Version der App."
"683","2018-01-01","internetbasiert","Bastuck Edelstahl Ø70mm Downpipe mit Kat VW Golf 7 1.2l + 1.4l TSI. Dein-Sportauspuff.de, 2018-01-01","https://dein-sportauspuff.de/bastuck-edelstahl-70mm-downpipe-mit-kat-vw-golf-7-1-2l-plus-1-4l-tsi.html","[...] ccm³ 63 kW / 85 PS VW Golf 7 Sportsvan 1.2 TSI / 1197 ccm³ 81 kW / 110 PS VW Golf 7 Sportsvan 1.4 TSI / 1395 ccm³ 92 kW / 125 PS VW Golf 7 Sportsvan 1.4 TSI / 1395 ccm³ 110 kW / 150 PS VW Golf 7 Variant 1.2 TSI / 1197 ccm³ 63 kW / 86 PS VW Golf 7 Variant 1.2 TSI / 1197 ccm³ 77 kW / 105 PS VW Golf 7 Variant 1.2 TSI / 1197 ccm³ 81 kW / 110 PS VW Golf 7 Variant 1.4 TSI / 1395 ccm³ 90 kW / 122 PS VW Golf 7 Variant 1.4 TSI / 1395 ccm³ 92 kW / 125 PS VW Golf 7 Variant 1.4 TSI / 1395 ccm³ 103 kW / 140 PS VW Golf 7 Variant 1.4 TSI / 1395 ccm³ 110 kW / 150 PS [...]"
"684","2020-03-02","internetbasiert","Alvi Schlupfmäxchen Light TOP | Kinderhaus Blaubär. kinderhaus-blaubaer.de, 2020-03-02","https://www.kinderhaus-blaubaer.de/kinderzimmer/schlafen-und-relaxen/schlafsaecke/alvi-schlupfmaexchen-light-top_33940_56093","[...] { _tsRatingConfig = { tsid : 'X0C74C395F78C2D0663798C126CCFC286', element : '#ts_review_sticker', variant : 'testimonial', reviews : '5', betterThan : '3.0', richSnippets : 'on', backgroundColor : '#FFDC0F', linkColor : '#000000', quotationMarkColor : '#FFFFFF', fontFamily : 'Arial', reviewMinLength : '10' }; var scripts = document.getElementsByTagName('SCRIPT'), me = scripts[scripts.length - 1]; var _ts = document.createElement('SCRIPT'); _ts.type = 'text/javascript'; _ts.async = true; _ts.src = '//widgets.trustedshops.com/reviews/tsSticker/tsSticker.js'; me.parentNode.insertBefore(_ts, me); _tsRatingConfig.script = _ts; })(); [...]"
"685","2020-01-26","internetbasiert","logbuch 2020. W-Marins Webseite!, 2020-01-26","https://www.w-marin.de/logbuch/logbuch-iii-2020/","[...] dreidimensionalität. das leuchtet mir schon ein. aber mir schwebt eine andere lösung vor. beuys der gute josef. kunst als soziale aktion. barthes- die entsprechende stelle hab ich auch gelesen... und auch in dem aufsatz von h.harth über ""suversive schritte"" (schritte wohl wörtlich gemeint) kommt die problematik vor. der kern ihrer arbeit steckt dabei schon in dem zitat von charly brown: ""ich hoffe immer noch, dass gestern besser wird."" bei h.harth bzw. der italienisch/soamlischen schriftstellerin igiaba scego dagegen schon in einer variante, die mir sehr sympathisch ist: fotografie oder erzählung als dokumetation und spurensuche und aufhebung einer verdeckten geschichte. indem die erzählerin in roma negata sich auf die suche nach den spuren der kolonialen vergangenheit in rom macht- spuren die teilweise verschwunden sind oder vernichtet wurden- ververleiht sie den bildern/fotos gerade die dreidimensionalität, die du woanders suchst. hier aber: der raum = der historische raum. und da wird doch dann die geschichte interessant. aUCH WENN ICH KEIN HISTORIKER BIN: wenn ein 2dimensionales bild nicht nur den raum simuliert, sondern [...]"
"686","2018-01-01","internetbasiert","2019 Seat Leon ST Cupra R Fahrbericht | Test | Review. ruv.de, 2018-01-01","https://www.ruv.de/kfz-versicherung/magazin/fahrberichte/2019-seat-leon-st-cupra-r-fahrbericht-test-review","Der Seat Leon ST Cupra R misst 4,55 m in der Länge und ist damit knapp zwei Zentimeter kürzer als sein Konzernbruder, der Golf 7 Variant."
"687","2020-01-01","internetbasiert","Lambdasonde. BERU Zündungsteile | BERU – Ihr Experte für Zündungstechnik, 2020-01-01","https://www.beruparts.de/find-my-part/9738984/beru-by-driv/exhaust-systems/lambdasonde/ozh033.pd.html","Passend für: {{make}} {{variant}} {{engine_display}} Passend für: Achse {{axle_code}} Passend für: Motor {{fitsEngineDisplay}}"
"688","2019-01-19","internetbasiert","Stehschreibtisch - In 3 Schritten gesünder arbeiten - Einfach mal einfach. Rabbit Systems Ug (Haftungsbeschränkt), 2019-01-19","https://einfachmaleinfach.de/2019/01/19/stehschreibtisch/","Als variante /abwechslung zur matte habe ich mir eine reflexzonen-massagematte gebastelt-viele kleine kiesel-oder- edelsteinchen auf eine gummi-oder plexiglasplatte geklebt."
"689","2018-04-16","internetbasiert","Unternehmen: KORREKTUR/Software AG mit Umsatz- und Gewinnrückgang – IoT-Umsatzprognose erhöht. 0800hardware.de, 2018-04-16","http://0800hardware.de/unternehmen-korrektursoftware-ag-mit-umsatz-und-gewinnrueckgang-iot-umsatzprognose-erhoeht/","The ease of use of a Nano board with the addition of secure IoT and BT connectivity Small (45mm x 18mm), robust and powerful board; 3.3V variant of the Nano family."
"690","2020-07-16","internetbasiert","bespielbares Soundmodul für Dusche Ersatzteilversand. forum.electronicwerkstatt.de, 2020-07-16","https://forum.electronicwerkstatt.de/phpBB/Projekte_im_Selbstbau/bespielbares_soundmodul_fuer_dusche-t73845f34_bs0.html","wow, danke. also auf die idee mit dem biligen mp3-player wäre ich nicht gekommen. obwohl wenn ich so recht überlege, ist das auch nicht die richtige variante. denn sobald man das licht einschaltet, solte sich das gerät auch einschalten. das wird nicht ganz funktionieren, denn ich willd as komplette gerät verstecken."
"691","2020-01-01","internetbasiert","Energiesparhäuser bauen. Helma Eigenheimbau AG, 2020-01-01","https://www.helma.de/eigenheime/energiesparkonzepte/energiesparhaeuser.html","Die – auch finanziell – attraktivste Variant ist ein KfW-Effizienzhaus 55, welches höchstens 55 Prozent der Energie benötigt, die ein vergleichbarer Neubau gemäß der Energieeinsparverordnung (EnEV) maximal verbrauchen würde."
"692","2019-12-19","internetbasiert","Fillikid Bettgitter grau | Kinderhaus Blaubär. kinderhaus-blaubaer.de, 2019-12-19","https://www.kinderhaus-blaubaer.de/fillikid-bettgitter-grau_34788_56257","[...] { _tsRatingConfig = { tsid : 'X0C74C395F78C2D0663798C126CCFC286', element : '#ts_review_sticker', variant : 'testimonial', reviews : '5', betterThan : '3.0', richSnippets : 'on', backgroundColor : '#FFDC0F', linkColor : '#000000', quotationMarkColor : '#FFFFFF', fontFamily : 'Arial', reviewMinLength : '10' }; var scripts = document.getElementsByTagName('SCRIPT'), me = scripts[scripts.length - 1]; var _ts = document.createElement('SCRIPT'); _ts.type = 'text/javascript'; _ts.async = true; _ts.src = '//widgets.trustedshops.com/reviews/tsSticker/tsSticker.js'; me.parentNode.insertBefore(_ts, me); _tsRatingConfig.script = _ts; })(); [...]"
"693","2020-01-01","internetbasiert","Zylinderkopfdichtung 1-Loch VW 1,9 D TD GTD SDI. Bus-Scheune.de, Ersatzteile fuer VW Bus T3 VW Bus T4 guenstig kaufen., 2020-01-01","https://www.bus-scheune.de/weitere-VW-Classic-Modelle/Golf-III/Dichtungen-Dichtsaetze/Zylinderkopfdichtung-1-Loch-VW-1-9-D-TD-GTD-SDI::49419.html","[...] 1.9 D 11/95-01/04 47/64 VW CADDY II Pick-up (9U7) 1.9 D 06/96-12/00 47/64 VW GOLF III (1H1) 1.9 D 11/91-08/97 48/65 VW GOLF III (1H1) 1.9 TD GTD 11/91-08/97 55/75 VW GOLF III Variant (1H5) 1.9 D 07/93-04/99 48/65 VW GOLF III Variant (1H5) 1.9 TD 07/93-04/99 55/75 VW PASSAT (3A2, 35I) 1.9 D 05/89-10/93 50/68 VW PASSAT (3A2, 35I) 1.9 TD 03/91-08/96 55/75 VW PASSAT Variant (3A5, 35I) 1.9 D 05/89-10/93 50/68 VW PASSAT Variant (3A5, 35I) 1.9 TD 03/91-05/97 55/75 VW POLO (6N1) 1.9 D 10/94-10/99 47/64 VW POLO (6N2) 1.9 D 10/99-09/01 47/64 VW POLO CLASSIC (6KV2) 1.9 SDI 12/95-08/99 47/64 VW POLO Kasten (6NF) 1.9 D 10/94-12/99 47/64 VW VENTO (1H2) 1.9 D 11/91-09/98 48/65 VW VENTO (1H2) 1.9 TD 11/91-09/98 55/75 [...]"
"694","2020-08-03","internetbasiert","Variant 3321 TB | 414x210cm - 3,5t | Tridem Dreiseitenkipper Anhänger - Blattfederung. PKW-Anhänger kaufen bei P+P Anhängercenter | Wohnmobil Vermietung & Anhängervermietung, 2020-08-03","http://www.ppanhaengercenter.com/store/p748/variant-3321TB-414x210cm-3.5t-dreiseitenkipper-anhaenger-blattfederung.html","Variant 3321 TB | 414x210cm - 3,5t | Tridem Dreiseitenkipper Anhänger - Blattfederung"
"695","2018-11-27","internetbasiert","Publikationen. medizininformatik.umg.eu, 2018-11-27","https://medizininformatik.umg.eu/ueber-uns/publikationen/","Borchert F, Mock A, Tomczak A, Hügel J, Alkarkoukly S, Knurr A, Volckmar AL, Stenzinger A, Schirmacher P, Debus J, Jäger D, Longerich T, Fröhling S, Eils R, Bougatf N, Sax U, Schapranow MP (2021) Knowledge bases and software support for variant interpretation in precision oncology."
"696","2020-01-01","internetbasiert","Skirucksäcke | Skischule-Bernauer.de. Skischule-Bernauer.de, 2020-01-01","https://www.skischule-bernauer.de/?taxonomy=&term=","Osprey Variant 37 Backpack Galactic Black 71 x 31 x 26 cm, 37 LiterAuf Amazon ansehen"
"697","2019-01-01","internetbasiert","Original Aluminium Felge VW | Top-Preis: 1.104,90 €. Top-Preis: 1.104,90 €, 2019-01-01","https://www.basenio.de/guenstig-kaufen/original-aluminium-felge-vw-57193/_golf-7/","[...] 1598 ccm, 81 KW, 110 PS VW Golf VII Variant 2015/05-2019/12 BA5 1.0 TSI 999 ccm, 85 KW, 115 PS VW Golf VII Variant 2016/11-2019/12 BA5 1.0 TSI 999 ccm, 81 KW, 110 PS VW Golf VII Variant 2015/01-2019/12 BA5 2.0 GTD 1968 ccm, 135 KW, 184 PS VW Golf VII Variant 2015/03-2019/12 BA5 2.0 R 4motion 1984 ccm, 206 KW, 280 PS VW Golf VII Variant 2015/03-2019/12 BA5 2.0 R 4motion 1984 ccm, 221 KW, 300 PS VW Golf VII Variant 2016/09-2019/12 BA5 2.0 R 360S 4motion 1984 ccm, 265 KW, 360 PS VW Golf VII Variant 2013/04-2019/12 BA5 2.0 TDI 1968 ccm, 110 KW, 150 PS VW Golf VII Variant 2013/05-2019/12 BA5 2.0 TDI 1968 ccm, 81 KW, 110 PS VW Golf VII Variant 2013/04-2019/12 BA5 2.0 TDI 4motion 1968 ccm, 110 KW, 150 PS VW Golf VII Variant 2013/05-2019/12 BA5, BV5 1.4 TSI 1395 ccm, 103 KW, 140 PS VW Golf VII Variant 2017/04-2019/12 BA5, BV5 1.5 TSI 1498 [...]"
"698","2019-11-17","internetbasiert","AGB. abenteuerdachzelt.de, 2019-11-17","https://abenteuerdachzelt.de/agb/","Variant L ca 73 Kg"
"699","2018-12-31","internetbasiert","Brücken aus Metallkeramik. 2018-12-31","https://www.wallossek-dentaltechnik.de/bruecke-metallkeramik-verblendet/","Da die gesetzliche Krankenkassen diese ästhetische variante nicht bezahlt."
"700","2020-09-06","internetbasiert","App+Web Ecommerce Daten mit Enhanced E-Commerce (EEC) Implementierung - Digital Analytics Blog. Digital Analytics Blog, 2020-09-06","https://www.marcusstade.de/appweb-ecommerce-daten-mit-enhanced-e-commerce-eec-implementierung/","""Kategorie"", 'item_variant"":"
"701","2020-02-20","internetbasiert","Volkswagen Golf R 2020: Preise und Verkaufsstart. carwow.de, 2020-02-20","https://www.carwow.de/volkswagen/golf-r/auto-news/1153/volkswagen-golf-r-2020-preise-und-verkaufsstart","Wenn Sie nicht mehr warten möchten, bis das neue Top-Modell der Golfreihe auf den Markt kommt, können Sie sich schon jetzt Angebote für den praktischen Golf R Variant einholen und durchschnittlich 9.350 Euro beim Kauf über carwow sparen."
"702","2020-01-01","internetbasiert","Hupe Signalhorn 12V VW Golf Bora Polo Passat Vento u.a.. Bus-Scheune.de, Ersatzteile fuer VW Bus T3 VW Bus T4 guenstig kaufen., 2020-01-01","https://www.bus-scheune.de/weitere-VW-Classic-Modelle/Golf-1/Zuendung-Elektrik/Hupe-Signalhorn-12V-VW-Golf-Bora-Polo-Passat-Vento-u-a::49365.html","[...]155) 1.6 1.8 04/86-03/93 VW GOLF II (19E, 1G1) 1.0 1.3 1.6 1.8 D TD GTI 16V G60 08/83-12/92 VW GOLF III (1H1) 1.3 1.4 1.6 1.8 1.9 2.0 2.8 2.9 D VR6 08/91-09/97 VW GOLF III Cabriolet (1E7) 1.6 1.8 1.9 2.0 TDI 07/93-05/98 VW GOLF III Variant (1H5) 1.4 1.6 1.8 1.9 2.0 2.9 D TDI VR6 07/93-04/99 VW GOLF IV (1J1) 1.6 08/03-06/05 VW GOLF IV Cabriolet (1E7) 1.6 1.8 1.9 2.0 TDI 06/98-06/02 VW GOLF IV Variant (1J5) 1.9 TDi GTi 06/01-06/06 VW JETTA II (19E, 1G2) 1.3 1.6 1.8 D TD 16V 01/84-07/92 VW LT 40-55 I Kasten (291-512) 2.4 4WD 12/82-07/92 VW T5 MULTIVAN (7HM, 7HF) 1.9 2.0 2.5 3.2 TDI V6 04/03- VW PASSAT (3A2, 35I) 1.6 1.8 1.9 2.0 2.8 D TD TDI VR6 02/88-08/96 VW PASSAT (3B2) 1.6 1.8 1.9 2.3 2.8 TDI V6 08/96-11/00 VW PASSAT (3C2) 3.6 R36 4motion 04/07- VW PASSAT Variant (3 [...]"
"703","2020-10-19","internetbasiert","#breakthought: Quotenfrauen. ☨Auschfrei, 2020-10-19","https://auschfrei.wordpress.com/2020/10/19/breakthought-quotenfrauen/","controller ist keine qualifikation, mba schon eher. der lehrer hat als gymnasial variante fachlich die qualifikation eines bachelors. und nun noch einmal von vorne…….und nicht die spitzenverdiener, sondern den durchschnitt. ich kenne keine diesbezüglichen statistiken, habe aber durchaus im umfeld vergleichsmöglichkeiten."
"704","2018-08-12","internetbasiert","3D Druck - Raspberry Pi Pico - """"WIZ5100S-PI-PICO"""". 3d-loewe.de, 2018-08-12","https://www.3d-loewe.de/p/raspberry-pi-pico-wiz5100s-pi-pico","Variante 1: pico base"
"705","2020-01-01","internetbasiert","TOM TAILOR DENIM ALLOVER TEE T-Shirt print original variante Herren Bekleidung Rundhals Kurzarm BVD8H91V4. leipzigertaxi.de, 2020-01-01","http://www.leipzigertaxi.de/tom-tailor-denim-allover-tee-t-shirt-print-original-variante-herren-bekleidung-rundhals-kurzarm-bvd8h91v4.html","TOM TAILOR DENIM ALLOVER TEE T-Shirt print original variante Herren Bekleidung Rundhals Kurzarm BVD8H91V4 Mögliche Optionen"
"706","2020-01-01","internetbasiert","Glühkerze VW Bora Caddy Golf Jetta Derby. Bus-Scheune.de, Ersatzteile fuer VW Bus T3 VW Bus T4 guenstig kaufen., 2020-01-01","https://www.bus-scheune.de/weitere-VW-Classic-Modelle/Golf-1/Zuendung-Elektrik/Gluehkerze-VW-Bora-Caddy-Golf-Jetta-Derby::49355.html","[...] 1.9 D TDI 11/95-01/04 VW CADDY II Pick-up (9U7) 1.9 D 06/96-12/00 VW DERBY (86C, 80) 1.0 1.1 1.3 10/81-12/84 VW GOLF I (17) 1.3 1.5 1.6 D TD 08/76-02/84 VW GOLF I Cabriolet (155) 1.5 1.6 01/79-11/83 VW GOLF II (19E, 1G1) 1.0 1.3 1.6 D TD 08/83-12/92 VW GOLF III (1H1) 1.3 1.9 D TD GTD TDI 11/91-12/97 VW GOLF III Cabriolet (1E7) 1.9 TDI 08/95-05/98 VW GOLF III Variant (1H5) 1.9 D TDI 07/93-04/99 VW GOLF IV (1J1) 1.9 TDI 08/97-05/05 VW GOLF IV (1J1) 1.9 TDI 07/98-06/05 VW GOLF IV Cabriolet (1E7) 1.9 TDI 06/98-06/02 VW GOLF IV Variant (1J5) 1.9 TDI 05/99-06/06 VW JETTA I (16) 1.1 1.3 1.5 1.6 D TD 08/78-02/84 VW JETTA II (19E, 1G2) 1.3 1.6 D TD 01/84-07/92 [...]"
"707","2018-03-19","internetbasiert","Volkswagen Golf 1.5 TSI ACT BlueMotion. My Bavaria - Das Bayern-Magazin, 2018-03-19","http://my-bavaria.com/zu-den-auto-nachrichten/volkswagen-golf-1-5-tsi-act-bluemotion/","[...] Golf 1.5 TSI ACT BlueMotion DSG (96 kW/130 PS) Kraftstoffverbrauch in l/100 km: innerorts 6,1 / außerorts 4,1 / kombiniert 4,8; CO2-Emissionen (kombiniert) in g/km: 110, Effizienzklasse: A. 3 NEFZ: Golf Variant 1.5 TSI ACT BlueMotion (96 kW/130 PS) Kraftstoffverbrauch in l/100 km: innerorts 6,3 / außerorts 4,1 / kombiniert 4,9; CO2-Emissionen (kombiniert) in g/km: 113, Effizienzklasse: A. 4 NEFZ: Golf Variant 1.5 TSI ACT BlueMotion DSG (96 kW/130 PS) Kraftstoffverbrauch in l/100 km: innerorts 6,1 / außerorts 4,1 / kombiniert 4,8; CO2-Emissionen (kombiniert) in g/km: 110, Effizienzklasse: A. [...]"
"708","2018-10-26","internetbasiert","Suche. tksoft-online.de, 2018-10-26","http://www.tksoft-online.de/index.php/ms-access/bsp-db-s/bsp-downloads-sonstiges/36-beispiel-fuer-einen-belegungsplan","Private Sub Belegung() Dim sDate As String Dim sSQL As String Dim vSet As Variant Dim rsBelegung As DAO.Recordset 'SQL konformes Datum sDate = Sqldatum(Me.txt_Dat) sSQL = ""SELECT tbl_Zimmer.ID_Zimmer, tbl_Zimmer.ZimmerNr, tbl_Belegung.ID_Kunde, tbl_Belegung.Datum_Von, tbl_Belegung.Datum_Bis, tbl_Art.ArtCol "" & _ ""FROM tbl_Art INNER JOIN (tbl_Kunden INNER JOIN (tbl_Zimmer INNER JOIN tbl_Belegung ON tbl_Zimmer.ID_Zimmer = tbl_Belegung.ID_Zimmer)"
"709","2020-01-01","internetbasiert","Der Passat Variant: So souverän wie Sie. heisel.de, 2020-01-01","https://www.heisel.de/der-neue-passat-variant-so-souveraen-wie-sie/","Der Passat Variant:"
"710","2019-10-10","internetbasiert","FS242 Speed Dating for Scientists. Freak Show, 2019-10-10","https://freakshow.fm/fs242-speed-dating-for-scientists","[...] Und dann habe ich mir so eine playlist gemacht und natürlich waren alle gecovert songs haltauch verfügbar und hab da so 'ne playlist gehabt wo ich dann immer das original und dann die meute variante immer abwechselnd gehört habe dann habe ich das irgendwie gehört dann kann ich natürlich dann auch wieder da wieder auf andere sachen und auf einmal los in music,ich war los in musik so ne und,ja so bin ich auf ein paar ganz geile sachen gestoßen auf die ich sonst halt irgendwie so nicht gestoßen wäre und mittlerweile finde ich das irgendwie eine wertvolle ressource und das ist dann sozusagen auch mir das geld insofern wert weil es haltimmer noch deutlich weniger ist als man ausgeben würde wenn man. [...]"
"711","2020-07-08","internetbasiert","Saxophonist Köln Projekte. Saxophonaut - Der Saxophonist aus Köln, 2020-07-08","https://saxophonaut.de/projekte/saxophonist_koeln_projekte/","Zum Inhalt springen Suche nach: ÜBER MICH Marke Saxophonaut Profil Projekte Referenzen Auszeichnungen NEWS VARIANTEN Sax Solo Sax & Piano Sax & DJ Sax, Piano & Gesang Sax & Band MEDIA FOTOS VIDEOS Saxophonist Köln Projekte Saxophonist Köln Projekte saxophonaut 2020-07-08T22:07:13+00:00 Saxophonist Köln Projekte Düsseldorf Aachen live sax sexy Page load link"
"712","2020-03-02","internetbasiert","Alvi Baby Schlupfmäxchen Thermo Exclusiv | Kinderhaus Blaubär. kinderhaus-blaubaer.de, 2020-03-02","https://www.kinderhaus-blaubaer.de/alvi-baby-schlupfmaexchen-thermo-exclusiv_31425_52721","[...] { _tsRatingConfig = { tsid : 'X0C74C395F78C2D0663798C126CCFC286', element : '#ts_review_sticker', variant : 'testimonial', reviews : '5', betterThan : '3.0', richSnippets : 'on', backgroundColor : '#FFDC0F', linkColor : '#000000', quotationMarkColor : '#FFFFFF', fontFamily : 'Arial', reviewMinLength : '10' }; var scripts = document.getElementsByTagName('SCRIPT'), me = scripts[scripts.length - 1]; var _ts = document.createElement('SCRIPT'); _ts.type = 'text/javascript'; _ts.async = true; _ts.src = '//widgets.trustedshops.com/reviews/tsSticker/tsSticker.js'; me.parentNode.insertBefore(_ts, me); _tsRatingConfig.script = _ts; })(); [...]"
"713","2020-02-10","internetbasiert","Relingträger, Dachträger | Ocean-Cross. Ocean-Cross, 2020-02-10","https://ocean-cross.de/produkt/relingtraeger-dachtraeger/","[...] Station Wagon 96> SKODA Octavia II Station Wagon 04>12 SKODA Octavia III Station Wagon 13> SKODA Octavia Scout 07>13 SKODA Praktik 07> SSANGYONG Rexton 02>06 SUBARU Legacy Station Wagon 89>05 SUZUKI Vitara 88>02 TOYOTA Avensis Station Wagon 98>08 TOYOTA Avensis Verso 01>06 TOYOTA Camry Estate 92>96 TOYOTA Carina E Wagon 82> TOYOTA Picnic 97>00 TOYOTA Previa 00> VOLKSWAGEN Bora Variant 99>05 VOLKSWAGEN Golf III Variant 94>98 VOLKSWAGEN Golf IV Variant 99>07 VOLKSWAGEN Passat V Variant 11>14 VOLKSWAGEN Passat Variant 06>10 VOLKSWAGEN Passat Variant 83>96 VOLKSWAGEN Passat Variant 97>05 VOLKSWAGEN Polo Fun 03> VOLKSWAGEN Polo Variant 88> VOLVO 200 74>94 VOLVO 700 Station Wagon 84>92 VOLVO V40 96>04 VOLVO V50 04> Volvo XC90 06> Stand: Januar 2015 Liste ohne Gewähr [...]"
"714","2020-01-01","internetbasiert","Entdecken Sie den VW Passat Variant im Volkswagen Zentrum Pillenstein an der Stadtgrenze Nürnberg/Fürth. ✅Neu- und ✅Gebrauchtwagen ✅kaufen / ✅leasen. Jetzt Probefahrt vereinbaren!. https://www.pillenstein.de/, 2020-01-01","https://www.pillenstein.de/autos/vw-pkw/neuwagen/passat-variant/","Sie genießen die Fahrt, Ihr Passat Variant sorgt dafür dass Sie entspannt sicher ans Ziel kommen."
"715","2020-05-12","internetbasiert","Die Corona-Korruption. Schildverlag, 2020-05-12","https://www.schildverlag.de/2020/05/12/die-corona-korruption/","„Und auch die Übertragbarkeit von BSE auf den Menschen ist weder bei der klassischen Creutzfeldt-Jakob-Krankheit, kurz CJD, noch bei der neuen Verlaufsform — der new variant CJD oder nvCJD — erwiesen.“"
"716","2018-05-25","internetbasiert","Französische Gemeinschaft. flaggenlexikon.de, 2018-05-25","https://flaggenlexikon.de/fiofg.htm","andere Flagge – other Flag: nicht bestätigte Variante der Flagge der Französischen Gemeinschaft – unconfirmed variant of the flag of the Communauté française,"
"717","2020-08-01","internetbasiert","Wäschetrockner Beko Wäschetrockner Schalter einbauen. forum.electronicwerkstatt.de, 2020-08-01","https://forum.electronicwerkstatt.de/phpBB/Ersatzteile_Reparatur_Waeschetrockner/waeschetrockner_beko_waeschetrockner_schalter_einbauen-t149987f56_bs0.html","Es war leider keine der beiden varianten richtig"
"718","2020-03-02","internetbasiert","Alvi Baby Schlupfmäxchen light XL Exklusiv | Kinderhaus Blaubär. kinderhaus-blaubaer.de, 2020-03-02","https://www.kinderhaus-blaubaer.de/alvi-baby-schlupfmaexchen-light-xl-exklusiv_34551_56703","[...] { _tsRatingConfig = { tsid : 'X0C74C395F78C2D0663798C126CCFC286', element : '#ts_review_sticker', variant : 'testimonial', reviews : '5', betterThan : '3.0', richSnippets : 'on', backgroundColor : '#FFDC0F', linkColor : '#000000', quotationMarkColor : '#FFFFFF', fontFamily : 'Arial', reviewMinLength : '10' }; var scripts = document.getElementsByTagName('SCRIPT'), me = scripts[scripts.length - 1]; var _ts = document.createElement('SCRIPT'); _ts.type = 'text/javascript'; _ts.async = true; _ts.src = '//widgets.trustedshops.com/reviews/tsSticker/tsSticker.js'; me.parentNode.insertBefore(_ts, me); _tsRatingConfig.script = _ts; })(); [...]"
"719","2020-07-12","internetbasiert","Guenstige bezugsquelle füer pertinax/novotex Ersatzteilversand. forum.electronicwerkstatt.de, 2020-07-12","https://forum.electronicwerkstatt.de/phpBB/Suche/guenstige_bezugsquelle_fueer_pertinax_novotex-t85831f11_bs0.html","Hallöchen liebe gemeinschaft. kennt irgendwer von euch noch guenstige varianten an pertinax oder novotex platten zu kommen...? suche plattenware fuer diverse elektrische aufbauten in schaltschraenken uvm..."
"720","2019-04-08","internetbasiert","Lässt dich dein Backup nachts ruhig schlafen?| Blog | Xelon AG. Xelon AG, 2019-04-08","https://www.xelon.ch/blog/ueberblick-backup-cloud-virtual-datacenter-varianten/","Variante 1: Rundum-sorglos-Paket mit Acronis"
"721","2020-06-30","internetbasiert","Igelstachelbart - Hericium erinaceus - Pilzzucht - ethnobotanika gmbh. Ethnobotanika Gmbh, 2020-06-30","https://www.ethnobotanika.ch/online-shop/botanik/pilz/pilze/igelstachelbart-hericium-erinaceus-pilzzucht/","Botanischer Name Synonym Name Pilzzucht variante"
"722","2020-01-01","internetbasiert","Rux Variant Modulgerüst - gebraucht zum Bestpreis kaufen. Cetrac Gmbh - Gerüste & Schalungen, 2020-01-01","https://www.geruest.com/rux-variant/","Rux Variant 306 m² gebrauchtes Gerüst kaufen Rux Variant 520 m² gebrauchtes Gerüst Modulgerüst"
"723","2019-09-12","internetbasiert","FS240 Es gibt noch alte Leute. Freak Show, 2019-09-12","https://freakshow.fm/fs240-es-gibt-noch-alte-leute","Genau und orangensaft in hafermilch geht völlig klar ist eine richtig geile mischung ist so ein bisschen wie so eine wässrige variante von mango lassi also du hast halt sozusagen nicht so diesen joghurt ding sondern eben diesen hafermilch also diese."
"724","2019-01-04","internetbasiert","Tesla öffnet Model-3-Konfigurator für deutsche Kunden. ecomento.de, 2019-01-04","https://ecomento.de/2019/01/04/tesla-oeffnet-model-3-konfigurator-fuer-deutsche-kunden/","Es kommen keine weiteren 14.000 bestellungen, weil die teuren varianten des M3 relativ gering nachgefragt werden."
"725","2020-09-23","internetbasiert","DER WELTKRIEG mit todbringenden manipulierten Viren geht in die zweite Phase. Conservo, 2020-09-23","https://conservo.wordpress.com/2020/09/23/der-weltkrieg-mit-todbringenden-manipulierten-viren-geht-in-die-zweite-phase/","„A SARS-CoV-2 variant with Spike G614 has replaced D614 as the dominant pandemicform"
"726","2018-06-01","internetbasiert","Fertighaus Variant 45-154 | HANSE HAUS. Hanse Haus, 2018-06-01","https://www.hanse-haus.ch/de/architektur/haeuser/haus/variant-45-154/","Gestalten Sie das Variant 45-154, ein Haus aus unserer Hausserie mit Satteldach, so bunt und abwechslungsreich wie Ihr Leben."
"727","2019-08-20","internetbasiert","UKW004 Brexit: God Save the Queen. UKW, 2019-08-20","https://ukw.fm/ukw004-god-save-the-queen/","[...] Also diese situation ist mit über den sogenannten fix geregelt,das bedeutet dass im falle ein misstrauensvotum stattfindet und gelingt,man hat dann zwei wochen zeit um eine lösung zu finden entweder den jetzigen premierminister.Ändert irgendwas geht in richtung eine sandstürme brexit zum beispiel und gewinne dann die unterstützung der abgeordneten zurück.Oder sonst noch jemanden bildet eine rippen so mehrheitsfähig der regierung.Man hat zwei wochen zeit für sowas wenn das nicht gelingt findet dann automatisch ein unterhaus frau statt und so das ist wie es funktioniert.Andere variante ist wenn boris johnson selbst ein unterhaus wahl wedel das kann er tun.Wenn er verfügt über eine zweidrittelmehrheit im britischen unterhaus das bedeutet ich kann sagen ich wähle einen frühen unterhaus war selbst entscheiden ich wäre ein unserer auswahl statt ein verein kompetent aber dafür braucht man dann zwei drittel der abgeordneten,es gibt zwei kein zwei drittel der abgeordneten die für ein bein.Neuwahl ohne ein knallharten garantie von von boris johnson das brexit vermeidet also das schließe ich zuerst aus.Die frage und das ist grade die debatte zwischen joe vorsitzender der vorsitzenden der liberalen und manch anderen, [...]"
"728","2020-08-03","internetbasiert","Variant Dreiseitenkipper Anhänger. PKW-Anhänger kaufen bei P+P Anhängercenter | Wohnmobil Vermietung & Anhängervermietung, 2020-08-03","https://www.ppanhaengercenter.com/variant-dreiseitenkipper-anhaenger.html","Variant 3321 TB | 414x210cm - 3,5t | Tridem Dreiseitenkipper Anhänger - Blattfederung - Bordwandaufsatz"
"729","2018-04-10","internetbasiert","Cerec Krone: Mit Cerec zum Zahnersatz ab einer Stunde (2020). Zahnarzt Dinkelsbühl, 2018-04-10","https://ihre-zahnaerzte.org/cerec-krone/","cerec krone Expertenberatung zahn füllungen hochzeit bei unsere das variante."
"730","2020-10-06","internetbasiert","Hochbeet ""Fahrenberg"". Ennstaler Tischlerteam, 2020-10-06","https://www.ennstaler-rundholz.at/hochbeet-brunnbach/","Variante ""großes L variante ""zwilling variante ""U-Form variante ""Hexagon"
"731","2019-07-05","internetbasiert","Die Universität Eindhoven will 150 freie Stellen nur mit Frauen besetzten und diesen noch besondere Forschungsgelder zukommen lassen. Alles Evolution, 2019-07-05","https://allesevolution.wordpress.com/2019/07/05/die-universitaet-eindhoven-will-150-freie-stellen-nur-mit-frauen-besetzten-und-diesen-noch-besondere-forschungsgelder-zukommen-lassen/","Der VW Variant 1500 kam erst 1969."
"732","2020-01-17","internetbasiert","Petit Pont - Wohnaccessoires und Dekoration. Petit Pont - Wohnaccessoires und Dekoration, 2020-01-17","https://www.petitpont.de/farbmusterversand-fuer-glas/kristallampen-von-ebb-flow","nombreuses variantes"
"733","2020-07-02","internetbasiert","via ferrata Gargellner Köpfe - vt-gmbh. Vt-Gmbh, 2020-07-02","https://www.v-card.at/route/via-ferrata-gargellner-koepfe/?lang=en","The variant (difficulty D) can be reached via two 19 and 23 m long rope bridges."
"734","2020-01-01","internetbasiert","Koch Tandemanhänger 185x400cm 2600kg|Typ 10.26. Koch Anhängerwerke, 2020-01-01","https://www.kochanhaengerwerke.de/koch-anhaenger/tandem-anhaenger/koch-tandemanhaenger-185x400cm-2600kg-typ-10.26","Variant Hochlader Anhänger P4 3021 Comfort | 205x415cm 3,0t"
"735","2019-04-16","internetbasiert","Kauknochen Test: die BESTEN im Vergleich » (05/2023) 🥇. CountryDog - Alles über Border Collies, 2019-04-16","https://www.countrydog.de/kauknochen/","Bei minderwertigen varianten werden von den Herstellern Weichmacher und Duftstoffe zugesetzt."
"736","2019-06-06","internetbasiert","Neuer VW Passat (2020): Ab sofort ab 34.720 Euro bestellbar. Auto Motor Und Sport, 2019-06-06","https://www.auto-motor-und-sport.de/neuheiten/neuer-vw-passat-2020-facelift/","Den Plug-in Hybrid von GTE Limousine und Variant stattet VW mit einer größeren im Fahrzeugboden vor der Hinterachse sitzenden Batterie aus: Ihre Kapazität wächst um 31 Prozent von 9,9 auf 13 Kilowattstunden."
"737","2018-01-18","internetbasiert","Intel kämpft mit schwerer Sicherheitslücke (Update: Intel veröffentlicht Server-Benchmarks) - Hardwareluxx. Hardwareluxx Media GmbH, 2018-01-18","https://www.hardwareluxx.de/index.php/news/hardware/prozessoren/45319-intel-kaempft-mit-schwerer-sicherheitsluecke-im-prozessor-design.html","Spectre Variante 2:"
"738","2019-01-01","internetbasiert","Doppel Din Radioblende mit Fach PRO Seat , Skoda, VW schwarz. Msh-Store, 2019-01-01","https://msh-store.de/fahrzeug-spezifisch/fahrzeugtypen/vw/radioblenden/2814/doppel-din-radioblende-mit-fach-pro-seat-skoda-vw-schwarz","Variant"
"739","2020-01-01","internetbasiert","Einzelfertigung. RMM Metallbearbeitung GmbH, 2020-01-01","https://www.rmm-metallbearbeitung.de/know-how/einzelfertigung/","[...] btn2_text_color=“#ffffff“ btn2_text_hovercolor=“#333333″ title_font_size=“desktop:18px;“ title_line_ht=“desktop:28px;“ btn_border_radius=“2″ btn1_heading_style=“font-weight:700;“ btn2_heading_style=“font-weight:700;“ css_dualbtn_design=“.vc_custom_1581678130098{margin-top: 0px !important;margin-bottom: 0px !important;padding-top: 0px !important;padding-bottom: 0px !important;}“ btn_width=“250″ btn1_font_family=“font_family:Roboto|font_call:Roboto|variant:700″ btn2_font_family=“font_family:Roboto|font_call:Roboto|variant:700″][/vc_column][/vc_row][vc_row equal_height=“yes“ bg_type=“bg_color“ bg_override=“full“ css=“.vc_custom_1572950423405{border-top-width: 50px !important;padding-bottom: 50px !important;}“][vc_column][vc_column_text css=“.vc_custom_1581677490237{margin-top: 30px !important;}“]Mehr als 1.000 m2 Produktionsfläche mit modernstem Maschinenpark und 20 qualifizierten Fachkräften machen uns somit zu einem produktiven und zuverlässigen Partner. [...]"
"740","2018-11-16","internetbasiert","3D Druck - ESP8266 NodeMcu Amica - bigger case. 3d-loewe.de, 2018-11-16","https://www.3d-loewe.de/p/esp8266-nodemcu-amica-bigger-case","Variante 2: case top v4"
"741","2020-01-01","internetbasiert","Volkswagen VW 411. vw-411.de, 2020-01-01","http://vw-411.de/Testberichte-1968/Volkswagen-VW-411/","Audi - Ford - Opel - VW Konstruktive Sicherheit im Automobilbau - Der VW 411411 E Variant - Dauertest 20.000 km Vergleichstest: K 70 - 411 E Goßer Vergleichstest 1. Teil mit VW 411 LE Testberichte 1971 Mittelklasse-Vergleichstest 2. Teil und Schlusswertung mit VW 411 LE Test VW 411 E Automatictest 1600 L Variant - 411 E Variant Vergleichstest VW K 70 kontra VW 411 E Testberichte 1972 Schlappe für die deutschen Autos?"
"742","2018-10-20","internetbasiert","Pressemitteilungen. foerderverein-edelsteinstrasse.de, 2018-10-20","https://www.foerderverein-edelsteinstrasse.de/aktuelles-presse/","Sie kam sogar mit einem familieneigenen Oldtimer, einem VW Passat Variant der zweiten Baureihe, der von ihrem Bruder Joachim pilotiert wurde."
"743","2018-10-21","internetbasiert","Do!aqua Plant Glass Cylinder 2010. biconeo-aquascaping.de, 2018-10-21","https://www.biconeo-aquascaping.de/wabi-kusa/produkt:wabi-kusa-plant-glass-cylinder/","Variante Größe (cm) Cylinder 2010 Ø20×H10 Cylinder 2020 Ø20×H20"
"744","2019-09-23","internetbasiert","Volkswagen plant zweite PHEV-Version des Golf GTE - electrive.net. electrive.net, 2019-09-23","https://www.electrive.net/2019/09/23/vw-plant-zwei-phev-version-des-golf-gte/","Es ist von ZF eine Plugin Hybridantriebversion für den 5er BMW mit 100 km Reichweite vorgestellt worden.Das wäre im Golf Variant die sinnvollste Konfiguration."
"745","2020-02-20","internetbasiert","Injektor VW 5WS40539 Siemens CAYA 1,6 TDI CONTINENTAL 03l130277S A2C9626040080 NEU - Diesel Segment. Diesel Segment GmbH, 2020-02-20","https://www.diesel-segment.de/produkt/injektor-vw-5ws40539-siemens-caya-16-tdi-continental-03l130277s-a2c9626040080-neu/","VW Golf VI Variant 1.6 TDI mit 66 KW ab Bj. 12.09"
"746","2018-03-31","internetbasiert","Der neue Golf - Wolfert Gruppe. Wolfert Gruppe, 2018-03-31","https://www.wolfert-gruppe.de/neuwagen/angebote-vw/der-neue-golf-2/","Golf Variant Trendline BlueMotion Technology 1,0 l TSI 81 kW (110 PS) 6-Gang"
"747","2019-09-13","internetbasiert","Als Rollstuhlfahrer Auto fahren – Meine Erfahrungen mit Kfz Umrüster. Finanzrolli Blog, 2019-09-13","https://finanzrolli.de/als-rollstuhlfahrer-auto-fahren-meine-erfahrungen-mit-kfz-umruester/","Nr. 1 war ein Passat Variant"
"748","2020-01-01","internetbasiert","VW Vorteilspakete für Modelle älter als 4 Jahre. Volkswagen Österreich, 2020-01-01","https://www.volkswagen.at/service-zubehoer/volkswagen-service/angebote-und-aktionen/vorteilspakete","[...] 12-16 215,- 161,- Polo 03-09 223,- 155,- Polo 10-16 215,- 162,- Golf V 04-09 245,- 196,- Golf VI 09-13 244,- 177,- Golf VII 12-16 284,- 226,- Golf Variant Frontantrieb 10-14 235,- 177,- Golf Variant 4Motion 10-14 266,- 207,- Golf Plus 10-16 257,- 207,- Touran 03-10 245,- 196,- Touran 11-16 257,- 207,- Scirocco 1,4 L Benzin 08-16 257,- 207,- Eos 1,4 L Benzin 08-16 257,- 207,- New Beetle 12-16 257,- 207,- Tiguan 07-16 303,- 224,- Passat 06-09 263,- 204,- Passat 10-14 276,- 216,- Passat 15-16 289,- 204,- Sharan Frontantrieb 03-09 268,- 217,- Sharan 4Motion 03-09 301,- 242,- Sharan 10-16 320,- 259,- Touareg 03-10 598,- 455,- Touareg 11-16 673,- 519,- [...]"
"749","2018-10-17","internetbasiert","Modularer Aufbau, VR und das IoT. 0800hardware.de, 2018-10-17","http://0800hardware.de/modularer-aufbau-vr-und-das-iot/","Small (45mm x 18mm), robust and powerful board; 3.3V variant of the Nano family."
"750","2019-02-27","internetbasiert","Microsoft: Windows Server IoT 2019 ist im Prinzip Windows Server 2019. 0800hardware.de, 2019-02-27","http://0800hardware.de/microsoft-windows-server-iot-2019-ist-im-prinzip-windows-server-2019/","The ease of use of a Nano board with the addition of secure IoT and BT connectivity Small (45mm x 18mm), robust and powerful board; 3.3V variant of the Nano family."
"751","2018-03-14","internetbasiert","Übergewicht (Adipositas). Frag den Professor © 2023, 2018-03-14","https://www.frag-den-professor.de/experten/ubergewicht/","174) Holzapfel Ch, Siegrist M, Rank M, Langhof H, Grallert H, Baumert J, Klopp N, Wolfarth B, Illig T, Hauner H, Halle M Pronounced association of a melatonin receptor IB (MTNR1B) gene variant with fasting glucose and HOMA-B in children and adolescents with high BMI-SDS Eur J Endocrinol 2011; 164: 205-12, Nov 8 (Epub ahead of print)"
"752","2019-04-12","internetbasiert","Wie China die Sicherheitsstandards des IoT diktiert. 0800hardware.de, 2019-04-12","http://0800hardware.de/wie-china-die-sicherheitsstandards-des-iot-diktiert/","The ease of use of a Nano board with the addition of secure IoT and BT connectivity Small (45mm x 18mm), robust and powerful board; 3.3V variant of the Nano family."
"753","2020-07-01","internetbasiert","Klassische Häuser von unseren Hausanbietern. hausbau-portal.net 2020 - Alle Rechte reserviert!, 2020-07-01","https://www.hausbau-portal.net/nc/haeuser-musterhaeuser-hausbau/klassischehaeuser.html","Variant 45-192"
"754","2020-01-24","internetbasiert","VW Passat Variant Facelift - Der Kronprinz - NewCarz.de. NewCarz.de, 2020-01-24","https://www.newcarz.de/2020/01/24/vw-passat-variant-facelift-der-kronprinz/","Neupreis des Testwagens: ca. 64.000 Euro (Einstiegspreis Passat Variant 33.035 Euro)"
"755","2020-07-22","internetbasiert","""Neoplasm Risk Among Individuals With a Pathogenic Germline Variant in DICER1"". FIT, 2020-07-22","http://www.krebs-praedisposition.de/publikationen/neoplasm-risk-among-individuals-with-a-pathogenic-germline-variant-in-dicer1/","Neoplasm Risk Among Individuals With a Pathogenic Germline Variant in DICER1″"
"756","2018-08-09","internetbasiert","GP-PRO Gel-Batterie 12V 9Ah GB9-B (ähnlich YB9-B / CB9-B ) (versiegelt / wartungsfrei) | GP-PRO | Gel Batterien für Motorrad, Roller und mehr - moderne Startbatterien Technik. gp-pro.de, 2018-08-09","https://www.gp-pro.de/batterie-12v-9ah-gel-gp-pro-typ-cb9-b-aehnlich-yb9-b-versiegelt-wartungsfrei/a-752883","[...] Derbi Variant Sport 125 Derbi Variant Sport 50 (Piaggio-Motor) Gilera KK 125 / KZ 125 (Bj. 1986) Gilera KK 125 / KZ 125 (Bj. 1987) Gilera KK 125 / KZ 125 (Bj. 1988) Gilera KK 125 / KZ 125 (Bj. 1989) Gilera MX 1 125 (Bj. 1988) Gilera MX 1 125 (Bj. 1989) Gilera MXR 125 (Bj. 1989) Gilera MXR 125 (Bj. 1990) Gilera MXR 125 (Bj. 1991) Gilera RV 125 (Bj. 1983) Gilera RV 125 (Bj. 1984) Gilera RV 125 (Bj. 1985) Gilera RV 125 (Bj. 1986) Gilera RV 125 ES (Bj. 1987) Gilera RX 125 Arizona (Bj. 1983) Gilera RX 125 Arizona (Bj. 1984) Gilera RX 125 Arizona (Bj. 1985) Gilera RX 125 Arizona (Bj. 1986) Gilera RX 125 Arizona (Bj. 1987) Gilera RX 125 Arizona (Bj. 1988) Gilera Runner 125 FX (2-Takt) (M07) Gilera Runner 125 SP (2-Takt) (M07) Gilera Runner 125 ST (M46) Gilera Runner [...]"
"757","2018-08-19","internetbasiert","Samsung Galaxy S10 könnte mit selbst-heilendem Display kommen. Testberichte, News, Tablets & Smartphones, 2018-08-19","https://www.appdated.de/2018/08/samsung-galaxy-s10-koennte-mit-selbst-heilendem-display-kommen/","According to The Bell, the most powerful Galaxy S10 variant, the Galaxy S10 Plus, will ship with a 6.44-inch display*, while the entry-level model may sport a 5-inch panel."
"758","2020-03-31","internetbasiert","no-knead-bread auf österreichisch (inkl. zeitplan) - kulinarische notiz - esskultur. Esskultur, 2020-03-31","https://www.esskultur.at/no-knead-bread-auf-oesterreichisch-inkl-zeitplan/","und weil mich eine instagram-followerin letzte woche gefragt hatte, ob man denn das brot nicht auch ein bissi österreichischer machen könne, gibt’s nun auch varianten mit roggenmehl und brotgewürz. weil weiters germ/hefe in den letzten wochen ein (nach meinem geschmack ein bisschen gar breitgetretenes) thema wurde, habe ich kurzerhand auch noch eine variante mit sauerteig probiert. funktioniert alles tadellos, wie man an den ergebnissen vom wochenende sehen kann."
"759","2020-03-18","internetbasiert","Mit Alkohol und Knoblauch gegen Coronavirus. bergerstrasse-frankfurt.de, 2020-03-18","https://bergerstrasse-frankfurt.de/methode-gegen-coronavirus","Ich habe hier auch eine eigne Variant, wo ich schon vorhergesagt habe, die Viren kommen durch den Mund, nehme ich gerne eine Knoblauchzehe in den Mund und die dann im Mund halten."
"760","2019-12-09","internetbasiert","Volkswagen Golf Variant Jahreswagen Angebote. carwow.de, 2019-12-09","https://www.carwow.de/volkswagen/golf-variant/jahreswagen","Vergleichen Sie alle Angebote für Volkswagen Golf Variant Jahreswagen in Ihrer Nähe und deutschlandweit über carwow.de und kaufen Sie Ihren sofort verfügbaren Volkswagen Golf Variant günstig bei einem unserer top bewerteten Partnerhändler."
"761","2019-01-26","internetbasiert","Gefahr für den Golf - Main-Spitze. Main-Spitze, 2019-01-26","https://www.main-spitze.de/ratgeber/auto-und-motorrad/autotests/hyundai/gefahr-fur-den-golf_19922481","Der i30 Kombi in der Basisversion mit 73 kW/100 PS kostet übrigens ab 17450 Euro, der billigste Golf Variant (85 kW/115 PS) 22 200 Euro."
"762","2020-01-01","internetbasiert","Qualität. RMM Metallbearbeitung GmbH, 2020-01-01","https://www.rmm-metallbearbeitung.de/qualitaet/","[...]333333″ icon=“none“ icon_size=““ btn_icon_pos=“ubtn-sep-icon-right-rev“ btn_border_style=“solid“ btn_color_border=“#ffffff“ btn_color_border_hover=“#ffffff“ btn_border_size=“2″ btn_radius=“2″ btn_font_style=“font-weight:700;“ css_adv_btn=“.vc_custom_1572949728024{margin-top: 0px !important;margin-bottom: 0px !important;padding-top: 0px !important;padding-bottom: 0px !important;}“ btn_font_size=“desktop:18px;“ btn_line_height=“desktop:28px;“ btn_font_family=“font_family:Roboto|font_call:Roboto|variant:700″][/vc_column][/vc_row] [...]"
"763","2020-07-20","internetbasiert","Wortkette Seite 1065 Ersatzteilversand. forum.electronicwerkstatt.de, 2020-07-20","https://forum.electronicwerkstatt.de/phpBB/Off_Topic/wortkette-t1483f14_bs15960.html","Siehst ja wirklich gut aus, mit Deinem Schifferklavier ..ich suche dringend ein Auto.. muß ein Kombi sein.. eventuell Astra, Golf oder Polo Variant.. es sollte so um die 5000 Euro kosten, irgendwo in NRW.. mein Polo ist gestorben _________________ Wahrlich ist der Mensch der König aller Tiere, denn seine Grausamkeit übertrifft die ihrige."
"764","2020-03-09","internetbasiert","ROCKHARZ – Gästebeirat setzt sich für mehr Umweltschutz ein - UrCult.de. UrCult Webzine, 2020-03-09","https://www.urcult.de/2020/03/09/rockharz-gastebeirat-setzt-sich-fur-mehr-umweltschutz-ein/","Eine gute variante, noch mehr des „unvermeidbaren“ Mülls der Wertstoffkette wieder zuzuführen."
"765","2018-05-31","internetbasiert","VW Golf Variant: Zuverlässigkeit und Erfolg seit 1993. Auto-Kombi, 2018-05-31","https://www.kombi.de/vw-golf-variant/","Auch beim Golf IV Variant setzte VW verstärkt auf Sondermodelle wie beispielsweise die Varianten Champ, Pacific oder Ocean."
"766","2020-01-01","internetbasiert","21-220. isover.ch, 2020-01-01","https://www.isover.ch/de/solutions/21-220","Description Unité 1 Unité 2 Variant 1 Variant 2 Variant 3 Variant 4 Variant 5 Variant 6 PB F 030 d [mm] – – – – 40 100 PB F 030 d [mm] 120 140 180 200 200 200 Wärmeschutz im Winter und Sommer * ** ** ** *** Wärmedurchgangskoeffizient:"
"767","2018-01-01","internetbasiert","Novus Sportauspuff für VW Golf 3 / Golf 4 Cabrio 2x90mm GP-Design. Novus Automotive GmbH - Sportauspuff Anlagen und Zubehör, 2018-01-01","https://www.novus-automotive.de/novus-sportauspuff-fuer-vw-golf-3/golf-4-cabrio-2x90mm-gp-design","-nicht für Variant Modelle passend"
"768","2019-09-15","internetbasiert","Blog_Karwendel. peakture.de, 2019-09-15","https://peakture.de/blog%20peakture/karwendelhoehenweg.html","(variante)"
"769","2019-04-04","internetbasiert","Audi Tradition auf der Oldtimer-Messe Techno Classica 2019 in Essen. My Bavaria - Das Bayern-Magazin, 2019-04-04","http://my-bavaria.com/zu-den-auto-nachrichten/audi-tradition-auf-der-oldtimer-messe-techno-classica-2019-in-essen/","Neben dem Audi 80 Variant von 1967 und einem Audi 100 Avant GLS (1978) sind am Techno Classica-Stand von Audi Tradition noch zwei echte Exoten zu sehen."
"770","2020-01-01","internetbasiert","Kondensator, Zündanlage. BERU Zündungsteile | BERU – Ihr Experte für Zündungstechnik, 2020-01-01","https://www.beruparts.de/find-my-part/9738427/beru-by-driv/andere/kondensator--zundanlage/zk157.pd.html","Passend für: {{make}} {{variant}} {{engine_display}} Passend für: Achse {{axle_code}} Passend für: Motor {{fitsEngineDisplay}}"
"771","2018-01-01","internetbasiert","Volkswagen Passat Variant Highline 4Motion R-Line-Paket. Autohaus Main Kinzig Ekinci e.K., 2018-01-01","https://autohausmainkinzig.de/fahrzeugdeteils/","Fahrzeugdetails Volkswagen Passat Variant Highline 4Motion R-Line-Paket Technische Daten Verbrauch und Umwelt"
"772","2020-01-01","internetbasiert","Der Anfang - typ3family.de. typ3family.de, 2020-01-01","https://www.mytyp3.de/miss-elli/der-anfang.html","Eigentlich hat ja jeder von uns schon einen Typ 3. Sabine eine Limousine, ich einen Variant."
"773","2019-12-04","internetbasiert","frühstück a la alpina. hotelalpinaobertauern.at, 2019-12-04","https://www.hotelalpinaobertauern.at/fruehstueck-a-la-alpina","… ist frisch gemahlen, bio angebaut und fair trade gehandelt. er wird in sämtlichen varianten, vom espresso bis zum cappuccino, ohne extra zu bezahlen angeboten. gut? – selbstverständlich. noch besser: die kaffeemaschine steht direkt neben dem eingang zu unserem restaurant. so beginnt der tag in der genau richtigen reihenfolge."
"774","2018-11-06","internetbasiert","Samsung Galaxy S10 – Exynos 9820 Prozessor soll auch AI-Kerne setzen. Testberichte, News, Tablets & Smartphones, 2018-11-06","https://www.appdated.de/2018/11/samsung-galaxy-s10-samsung-spricht-offiziell-von-einem-differentiated-design/","According to The Bell, the most powerful Galaxy S10 variant, the Galaxy S10 Plus, will ship with a 6.44-inch display*, while the entry-level model may sport a 5-inch panel."
"775","2019-08-08","internetbasiert","San Diego Comic Con 2015 Star Wars Exclusives - Starwarscollector.de. Starwarscollector.de, 2019-08-08","https://starwarscollector.de/sdcc2015-star-wars-exclusives/","SDCC 2015 Exclusive Marvel Darth Vader #7 PX Variant Cover"
"776","2020-07-14","internetbasiert","Kühlschrank mit Gefrierfach Samsung RS21WANS1XEG Gefrierbereich heizt nicht. forum.electronicwerkstatt.de, 2020-07-14","https://forum.electronicwerkstatt.de/phpBB/Ersatzteile_Reparatur_Kuehlschrank/kuehlschrank_mit_gefrierfach_samsung_rs21wans1xeg_gefrierbereich_heizt_nicht-t153325f60_bs0.html","Welches ist denn für das Gefrierfach die richtige variante? und hat jemand die ohmischen Werte um die Sachen mal mit dem Multimeter auszumessen."
"777","2020-04-07","internetbasiert","Ideen gesucht-Wie würdet Ihr das regeln? - Stiefmutterblog - Das Online Magazin für Patchwork und zweite Familien. Stiefmutterblog - Das Online Magazin für Patchwork und zweite Familien, 2020-04-07","https://stiefmutterblog.com/forums/Thema/ideen-gesucht-wie-wuerdet-ihr-das-regeln/","@lili die frage ob mein partner einverstanden ist stellt sich doch gar nicht. es gab die variante “ beziehung retten über zwei wohnungen“ oder Trennung und zwei wohnungen. wir haben uns für variate eins entschieden und hoffen das wir es hinbekommen. ausgang ist offen aber dann wohnen wir schon getrennt und müssen dann nicht in stress alles auseinanderziehen. ich sehe das für beide varianten positiv."
"778","2019-09-13","internetbasiert","Car-Net Guide & Inform Details. volkswagen.ch, 2019-09-13","https://www.volkswagen.ch/de/dienstleistungen/digitale-services/konnektivitaet/car-net1/car-net-guide-and-inform-details.html","Buzz Hybridfahrzeuge Passat GTE Variant Arteon Shooting Brake eHybrid Tiguan eHybrid Touareg eHybrid Konzeptfahrzeuge ID. LIFE ID. Vizzion ID. Space Vizzion ID.R Laden und Reichweite Wie kann ich zahlen?"
"779","2018-11-06","internetbasiert","Mindestpreise auf real.de + EDI nutzen + Shopware-Variantenkonfigurator. reybex ERP Spezialist seit 2014. reybex Cloud ERP Software Lösung, 2018-11-06","https://testb.digitalesmarketing-impott.de/mindestpreise-auf-realde-edi-nutzen-shopware-variantenkonfigurator/","There are three options to choose from: 1. Selection = selection of the variant one after the other via dropdown menu. 2. Image = Selection of the variant by clicking on an image. 3. Standard = direct selection of the variant without a certain order."
"780","2020-01-01","internetbasiert","Der Passat Variant: So souverän wie Sie. heisel.de, 2020-01-01","https://www.heisel.de/der-neue-passat-variant-so-souveraen-wie-sie/","Der Passat Variant strahlt eine Eleganz und Dynamik aus, die ihm eine unverwechselbare Souveränität verleiht."
"781","2018-02-20","internetbasiert","Cumulocity IoT: Edge-Computing wird immer greifbarer. 0800hardware.de, 2018-02-20","http://0800hardware.de/cumulocity-iot-edge-computing-wird-immer-greifbarer/","The ease of use of a Nano board with the addition of secure IoT and BT connectivity Small (45mm x 18mm), robust and powerful board; 3.3V variant of the Nano family."
"782","2019-11-14","internetbasiert","Anleitung: Variable Produkte in WooCommerce anlegen - MarketPress. MarketPress, 2019-11-14","https://marketpress.de/woocommerce-variable-produkte/","Somit habe ich also insgesamt 960 varianten eines Produktes."
"783","2020-01-01","internetbasiert","12-500. isover.ch, 2020-01-01","https://www.isover.ch/de/solutions/12-500","Description Unité 1 Unité 2 Variant 1 Variant 2 Variant 3 Variant 4 Variant 5 Variant 6 PB M 030 d [mm] 80 100 120 140 160 200 PB M 030 d [mm] 80 100 120 120 160 200 Wärmeschutz im Winter und Sommer ** ** *** *** *** **** Wärmedurchgangskoeffizient:"
"784","2019-08-26","internetbasiert","VW Passat GTE ab 44.795 Euro bestellbar - electrive.net. electrive.net, 2019-08-26","https://www.electrive.net/2019/08/26/vw-passat-gte-ab-44-795-euro-bestellbar/","Für die Limousine des PHEV-Passat verlangt VW mindestens 44.795 Euro, der Variant steht mit mindestens 45.810 Euro in der Preisliste."
"785","2019-04-15","internetbasiert","Für Überraschungen gut. Profi Online, 2019-04-15","https://www.profi.de/test/aus-dem-heft/fuer-ueberraschungen-gut-11686025.html","weitDie Claas Variant 485 RC Pro hat vor zwei Jahren das Erbe der 385er Variant angetreten."
"786","2019-10-28","internetbasiert","TAT0198 - So schnürst du Budgets für deine Online Kampagnen | Social Media & Podcast Marketing - TheAngryTeddy Communications. Social Media & Podcast Marketing - TheAngryTeddy Communications, 2019-10-28","https://theangryteddy.com/tat0198-so-schnuerst-du-budgets-fuer-deine-online-kampagnen/","[4:49] Eine andere variante und ich nutze da mittlerweile ein recht lästiges tool mit dem man simulieren kann."
"787","2019-01-01","internetbasiert","OMSI 2 Add-On Studio Polygon Lite Pack Steam Key für PC online kaufen. Gamesplanet.com, 2019-01-01","https://de.gamesplanet.com/game/omsi-2-add-on-studio-polygon-lite-pack-steam-key--2886-38","10.8m HEV Regional Daimler Variant."
"788","2020-11-23","internetbasiert","Umweltverband warnt vor neuem Emissionsskandal durch Plug-in-Hybride. ecomento.de, 2020-11-23","https://ecomento.de/2020/11/23/te-tests-plug-in-hybridautos-irrefuehrende-behauptungen/","Da der ziemlich „blind“ bestellt wurde, werden wir mal sehen, wie der Kofferraum platzmäßig im Vergleich zum Variant ist."
"789","2020-12-09","internetbasiert","Kleines Feuerzeug an langer Kette mit Mond — Snakes and Fairies. Snakes and Fairies, 2020-12-09","https://sandf.ch/produkt/kleines-feuerzeug-an-langer-kette-mit-mond/","varianten"
"790","2019-07-12","internetbasiert","Telekom und Software AG gehen bei IoT gemeinsame Wege. 0800hardware.de, 2019-07-12","http://0800hardware.de/telekom-und-software-ag-gehen-bei-iot-gemeinsame-wege/","The ease of use of a Nano board with the addition of secure IoT and BT connectivity Small (45mm x 18mm), robust and powerful board; 3.3V variant of the Nano family."
"791","2019-03-29","internetbasiert","Kurz nach dem Europa-Start: Tesla Model 3 überholt deutsche Premium-Limousinen. ecomento.de, 2019-03-29","https://ecomento.de/2019/03/29/europa-start-tesla-model-3-ueberholt-deutsche-pemium-limousinen/","Wenn aktuell genügend bestellungen tür die teuren varianten vorhanden wären , bräuchten sie nicht schon mit der bestellung und produktion der magenschwächeren SR in USA beginnen, damit die produktion ausgelastet ist."
"792","2019-07-26","internetbasiert","Tv Regale Bestenliste - Wohnkultur. Wohnkultur, 2019-07-26","https://wohnkultur.de/tv-regale-bestenliste/","Bestseller Nr. 5 53 Bewertungen FMD Möbel 205-007 TV/Hifi-Regal Variant 7, 65 x 85 x 40 cm, eiche Made in GermanyHohe Kratzfestigkeit durch MelaminharzbeschichtungDie graphische Aufbauanleitung führt Sie Schritt für Schritt zu Ihrem neuen Schmuckstück.Die Lieferung erfolgt zerlegt und kartonverpackt.Im Lieferumfang ist das gezeigte Dekorationsmaterial nicht enthalten."
"793","2020-08-03","internetbasiert","Variant 2718 B4 | 400x180cm - 2,7t | Maschinentransporter - Blattfederung. PKW-Anhänger kaufen bei P+P Anhängercenter | Wohnmobil Vermietung & Anhängervermietung, 2020-08-03","http://www.ppanhaengercenter.com/store/p618/Variant-2718B4-Baumaschinentransporter-blattfederung.html","Variant"
"794","2018-01-25","internetbasiert","Siemens öffnet IoT-Plattform MindSphere für andere Anbieter disruptiver Technologien. 0800hardware.de, 2018-01-25","http://0800hardware.de/siemens-oeffnet-iot-plattform-mindsphere-fuer-andere-anbieter-disruptiver-technologien/","The ease of use of a Nano board with the addition of secure IoT and BT connectivity Small (45mm x 18mm), robust and powerful board; 3.3V variant of the Nano family."
"795","2020-01-01","internetbasiert","VW Passat Variant: Vereint Innovation & Komfort. Volkswagen Österreich, 2020-01-01","https://www.volkswagen.at/service-zubehoer/vorgaengermodelle/passat-variant","Verschaffen Sie sich mit der optionalen Umgebungsansicht ""Area View"" einen hervorragenden Überblick rund um den Passat Variant."
"796","2020-08-01","internetbasiert","Selbstbau Megafon+Soundmodul Ersatzteilversand. forum.electronicwerkstatt.de, 2020-08-01","https://forum.electronicwerkstatt.de/phpBB/Projekte_im_Selbstbau/selbstbau_megafon_soundmodul-t87013f34_bs0.html","Ich weiß aber nicht ob nun welche variante die bessere ist."
"797","2020-01-01","internetbasiert","Matador MPS 400 Variant All Weather 2 215/65 R16 109 T. Autoreifenfinder, 2020-01-01","https://www.autoreifenfinder.ch/matador/mps-400-variant-all-weather-2/215-65-r16-109t-132148/","Bewerten Sie die Matador MPS 400 Variant All Weather 2"
"798","2018-02-21","internetbasiert","Marmorierte Eier. stempel-wahn.blogspot.com, 2018-02-21","https://stempel-wahn.blogspot.com/2018/02/marmorierte-eier.html","*lach*...sie passen einfach herrlich zu deinen marmorierten eiern....bei den karten hattest du auch wundervolle ideen....beide varianten sind zauberhaft...hab ein schönes wochenende... AntwortenLöschen"
"799","2020-01-01","internetbasiert","Volkswagen Golf 8 Variant 1.5TSI Style+Rückfahrkamera+. Gustav Staiger Automobile, 2020-01-01","https://www.opelstaiger.de/fahrzeugangebote/fahrzeugangebote/fahrzeug/volkswagen-golf-8-variant-15tsi-style-rueckfahrkamera-337692915","Volkswagen Golf 8 Variant 1.5TSI Style+Rückfahrkamera+ Beschreibung"
"800","2020-11-04","internetbasiert","Covid-19 - Yogabati. Yogabati, 2020-11-04","https://www.yogabati.de/covid-19/","[...] [ultimate_heading main_heading=”WIR KOMMEN ZU EUCH!” main_heading_color=”#b69590″ margin_design_tab_text=”” sub_heading_font_size=”desktop:25px;tablet:25px;tablet_portrait:25px;mobile_landscape:25px;mobile:25px;” main_heading_font_family=”font_family:Open Sans Condensed|font_call:Open+Sans+Condensed|variant:700″ main_heading_font_size=”desktop:35px;tablet:32px;tablet_portrait:32px;mobile_landscape:30px;mobile:30px;” main_heading_style=”font-weight:700;”][/ultimate_heading][ultimate_spacer height=”25″] [...]"
"801","2019-06-11","internetbasiert","Teltonika ist neuer IoT Solution Partner von Janz Tec. 0800hardware.de, 2019-06-11","http://0800hardware.de/teltonika-ist-neuer-iot-solution-partner-von-janz-tec/","The ease of use of a Nano board with the addition of secure IoT and BT connectivity Small (45mm x 18mm), robust and powerful board; 3.3V variant of the Nano family."
"802","2020-01-01","internetbasiert","VW Passat Variant: Vereint Innovation & Komfort. Volkswagen Österreich, 2020-01-01","https://www.volkswagen.at/service-zubehoer/vorgaengermodelle/passat-variant","Der Passat Variant präsentiert sich souverän in Design und Technik: eine perfekte Symbiose aus Komfort, Eleganz und Dynamik für Menschen, die im Leben Prioritäten setzen."
"803","2018-05-31","internetbasiert","VW Golf Variant: Zuverlässigkeit und Erfolg seit 1993. Auto-Kombi, 2018-05-31","https://www.kombi.de/vw-golf-variant/","Erst nach der Produktion des deutlich größeren VW Passat 35i wurde eine Versorgungslücke im Angebot von Volkswagen sichtbar, welche sich mit einem VW Golf Variant hervorragend schließen ließ."
"804","2020-12-22","internetbasiert","Haben Sie Fragen?. Hanse Haus, 2020-12-22","https://www.hanse-haus.ch/de/fertighaus-referenzen/familie-platzer/","Merkmale Hausserie Variant Hausname Variant Verwendung Einfamilienhaus Dachform Satteldach Dachneigung 45 Grad Baujahr 1999"
"805","2019-02-25","internetbasiert","Azure Kinect DK: Xbox Kinect ist jetzt ein IoT-Sensor. 0800hardware.de, 2019-02-25","http://0800hardware.de/azure-kinect-dk-xbox-kinect-ist-jetzt-ein-iot-sensor/","Small (45mm x 18mm), robust and powerful board; 3.3V variant of the Nano family."
"806","2019-01-01","internetbasiert","Goodbye V6. cs-reisemobile.de, 2019-01-01","https://www.cs-reisemobile.de/de/cs-reisemobile-news/v6.htm","Er hat 3 l Hubraum und wird im Sprinter aktuell noch in einer Variant mit 140 KW/ 190 PS, 440 Nm, verbaut."
"807","2018-02-28","internetbasiert","Abgasskandal: Jetzt Diesel zurückgeben! - Anwaltskanzlei Finkeldei, Rechtsanwalt Bottrop. Anwaltskanzlei Finkeldei, Rechtsanwalt Bottrop, 2018-02-28","https://finkeldei-online.de/verkehrsrecht/abgasskandal/","VW Passat (1.4 TSI, 1.6 TDI, 2.0 TDI, 2.0 TDI Variant)"
"808","2020-01-01","internetbasiert","23-300. isover.ch, 2020-01-01","https://www.isover.ch/de/solutions/23-300","Description Unité 1 Unité 2 Variant 1 Variant 2 Variant 3 Variant 4 Variant 5 Variant 6 PB M KRAFT 035 d [mm] 120 140 160 Wärmeschutz im Winter und Sommer * ** ** Wärmedurchgangskoeffizient U [W/(m2 K)] 0.22 0.20 0.18 Wärmeschutz im Sommer Wärmespeicherfähigkeit (mit Rsi) κi [Wh/m2 K)] 12 12 12 Schalldämmung Bewertetes Schalldämm-Mass Rw ca. [dB] 58 58 59 Ökologie Umweltbelastungspunkte UBP [Pt/(m2 a)] 828 841 854 Anteil Dämmung – [%] 10 12 13"
"809","2019-02-14","internetbasiert","Herausforderungen an IoT-Entwickler: Wie sich ein Sensornetz mit Bluetooth aufbauen lässt. 0800hardware.de, 2019-02-14","http://0800hardware.de/herausforderungen-an-iot-entwickler-wie-sich-ein-sensornetz-mit-bluetooth-aufbauen-laesst/","The ease of use of a Nano board with the addition of secure IoT and BT connectivity Small (45mm x 18mm), robust and powerful board; 3.3V variant of the Nano family."
"810","2020-01-01","internetbasiert","Der überholte Motor wird mit den Motorblechen komplettiert.. vw-411.de, 2020-01-01","http://vw-411.de/VW-411L-Limo-Autom/2015/Motor-und-Motorbleche/","Diese Öffnungen haben sich bereits in den 1980er - 1990er Jahren bei meinem damaligen VW 412 LE Variant bewährt."
"811","2020-10-05","internetbasiert","Bodenarbeitsseil Dünn - Prices from 51.60 to 58.75. Bataliru, 2020-10-05","https://bataliru.de/products/bodenarbeitsseil-dunn-prices-from-51-60-to-58-75","[...] Anhänger Mensch Messanleitung Messanleitung Menü Messanleitung Hundehalsband Knotenhalfter Material & Farben Material & Farben Menü Material & Farben Material Farben Gutschein Alle Produkte Bodenarbeitsseil Dünn - Prices from 51.60 to 58.75 Normaler Preis €51,60 Sonderpreis €51,60 Angebot inkl. MwSt. zzgl. Versandkosten Title Variant for price 51.6 Variant for price 52 Variant for price 52.1 Variant for price 52.2 Variant for price 52.45 Variant for price 52.55 Variant for price 52.65 Variant for price 53.05 Variant for price 53.15 Variant for price 53.25 Variant for price 53.5 Variant for price 53.6 Variant for price 53.7 Variant for price 54.1 Variant for price 54.2 Variant for price 54.55 Variant for price 54.65 Variant for price 54.75 Variant for price 55.15 Variant for price 55.25 Variant for price 55.6 Variant for price 55.7 Variant for price 56.2 Variant for price 56.65 Variant for price 56.75 Variant for price 57.25 Variant for price 57.7 Variant for price 58.75 Variant for price 51.6 Variant for price 52 Variant for price 52.1 Variant for price 52.2 Variant for price 52.45 Variant for price 52.55 Variant for price 52.65 Variant for price 53.05 Variant for price 53.15 Variant for price 53.25 Variant for price 53.5 Variant [...]"
"812","2020-01-01","internetbasiert","Stilvarianten. Smartstore Module und Themes, 2020-01-01","https://www.adelheids-webdesign.de/erweiterungen/fuer-smartstorebiz-6/stilvarianten/stilvariant-produktliste-mit-variantendarstellung.htm","Wählen Sie bei ""Stilvariant"" ""varianten"", um das Stilvariant zu aktivieren."
"813","2018-03-27","internetbasiert","Forschungslabor für das Internet-der-Dinge NRW-Wirtschaftsminister Pinkwart eröffnet Ericsson IoT Business Lab in Aachen. 0800hardware.de, 2018-03-27","http://0800hardware.de/forschungslabor-fuer-das-internet-der-dinge-nrw-wirtschaftsminister-pinkwart-eroeffnet-ericsson-iot-business-lab-in-aachen/","The ease of use of a Nano board with the addition of secure IoT and BT connectivity Small (45mm x 18mm), robust and powerful board; 3.3V variant of the Nano family."
"814","2019-01-05","internetbasiert","ARBEITEN | Bögli Bräu. Bögli Bräu, 2019-01-05","https://www.xn--bglibru-bxa0n.ch/arbeiten","Es ist wieder eine frische und süffige variante, welche dem gaumen freude beschert. mit dem bekannten citra hopfen ist das bier ganz klar ein hit. -"
"815","2020-09-09","internetbasiert","Projekt: Gesund leben 2.0: Wir haben den Blog von Grund auf überarbeitet. Projekt: Gesund leben, 2020-09-09","https://www.projekt-gesund-leben.de/2020/09/projekt-gesund-leben-2-0/","Nur leider bin ich auch der suche nach dem Rezept für die Gemüsebrühe, ich kann nur die eingesalzene Variant finden, die anderen 2 Rezept zeigt es mir leider nicht an."
"816","2020-01-01","internetbasiert","Matador MPS 400 Variant All Weather 2 175/65 R14 90 T. Autoreifenfinder, 2020-01-01","https://www.autoreifenfinder.ch/matador/mps-400-variant-all-weather-2/175-65-r14-90t-157302/","Der Matador MPS 400 Variant All Weather 2 ist ein Ganzjahresreifen für LKW."
"817","2018-10-15","internetbasiert","Umsätze im IoT wachsen weiter: Konferenz Internet of Things – vom Sensor bis zur Cloud. 0800hardware.de, 2018-10-15","http://0800hardware.de/umsaetze-im-iot-wachsen-weiter-konferenz-internet-of-things-vom-sensor-bis-zur-cloud/","The ease of use of a Nano board with the addition of secure IoT and BT connectivity Small (45mm x 18mm), robust and powerful board; 3.3V variant of the Nano family."
"818","2020-08-08","internetbasiert","Microsoft Visio Standard 2019. Lizenz2Go, 2020-08-08","https://lizenz2go.ch/products/microsoft-visio-standard-2019","Spezifikationen Lizenz Lizenztyp Vollversion Lizenzdauer Perpetual Lizenzform ESD Anzahl Geräte 1x Sprache Multilingual Software Hersteller Microsoft Produktfamilie Visio Produktserie Standard Herst.-Nr. {{ variant.sku }} Systemanforderungen Betriebssystem Windows 10 Windows Server 2019 Festplattenspeicher 4 GB Arbeitsspeicher (RAM) 2 GB (32 Bit), 4 GB (64 Bit)"
"819","2020-07-14","internetbasiert","Alten Schaltschrank aus ehemaligen Ossizeiten *g Ersatzteilversand. forum.electronicwerkstatt.de, 2020-07-14","https://forum.electronicwerkstatt.de/phpBB/Suche/alten_schaltschrank_aus_ehemaligen_ossizeiten_g-t64320f11_bs0.html","[...] ZB wurden dort allerlei elemente verbaut, zaehler, phasenschienen mit meßwandlern, paketschalter, sicherungseinsaetze (E27 ) schützen und dergleichen krams... mir gehts einfach nur darum dass man nen anschauungsobjekt hat wie das damals stand der dinge war um das bei uns auf arbeit fuer den jugendtrupp hinzustellen, sodass se ma reinschnuppern koennen und auch mal fragen koennen ^^ ( bewusst diese alte variante aus verz. stahlblech, da wir ab und zu solche chaoten beihaben die so gern mal irgendwo gegentreten und da waers schad wenns schaden nehmen wuerde ) iss halt so fuer die interessierten ""kids"" im alter von 18~22 jahren ^.^ wuerd mich auf eine antwort freuen,... mailaddy ist alf00_16(äht)gmx.de ( nix spamgefahr, bin scho zugespamt worden ,rofl, Gruß MarC [...]"
"820","2020-01-01","internetbasiert","Rux Variant Modulgerüst - gebraucht zum Bestpreis kaufen. Cetrac Gmbh - Gerüste & Schalungen, 2020-01-01","https://www.geruest.com/rux-variant/","Eine Feldlänge kann auch bei dem das Variant Gerüst bis zu 4m betragen und die Belastungsgrenze liegt bei 6 kN/m²."
"821","2018-06-28","internetbasiert","Neue IoT Identity Plattform von GlobalSigns. 0800hardware.de, 2018-06-28","http://0800hardware.de/neue-iot-identity-plattform-von-globalsigns/","Small (45mm x 18mm), robust and powerful board; 3.3V variant of the Nano family."
"822","2018-10-31","internetbasiert","Samsung Galaxy S10 – Konzept zeigt das neue Design und die bekannten Änderungen. Testberichte, News, Tablets & Smartphones, 2018-10-31","https://www.appdated.de/2018/10/sasmung-galaxy-s10-konzept-zeigt-das-neue-design-und-die-bekannten-aenderungen/","According to The Bell, the most powerful Galaxy S10 variant, the Galaxy S10 Plus, will ship with a 6.44-inch display*, while the entry-level model may sport a 5-inch panel."
"823","2020-07-15","internetbasiert","CEAG Rettungszeichenleuchte Euro 3 - Zubehör Montageadapter direkt beim Hersteller kaufen. wolkdirekt.com, 2020-07-15","https://www.wolkdirekt.com/montageadapter-_-5158259.html","CEAG Sicherheitsleuchte Style Variant 2 (doppelseitig) - Einzelbatterie Deckenmontage, Erkennungsweite 32 m, inkl. 3 Piktogrammen"
"824","2020-09-22","internetbasiert","22. september 2020 - guter plan. bin im garten: 22. september 2020, 2020-09-22","https://binimgarten.blogspot.com/2020/09/22-september-2020-guter-plan.html","anstatt über varianten des würfelthemas zu diskutieren schlug ich vor, eine variante der erweiterung des musterwürfels gemeinsam anzugehen, in wunschfarben diesmal - und mein vorschlag wurde gerne angenommen."
"825","2019-12-09","internetbasiert","Volkswagen Passat Variant Jahreswagen Angebote. carwow.de, 2019-12-09","https://www.carwow.de/volkswagen/passat-variant/jahreswagen","Vergleichen Sie alle Angebote für Volkswagen Passat Variant Jahreswagen in Ihrer Nähe und deutschlandweit über carwow.de und kaufen Sie Ihren sofort verfügbaren Volkswagen Passat Variant günstig bei einem unserer top bewerteten Partnerhändler."
"826","2020-03-02","internetbasiert","Alvi Matratze Alvimed Air | Kinderhaus Blaubär. kinderhaus-blaubaer.de, 2020-03-02","https://www.kinderhaus-blaubaer.de/alvi-matratze-alvimed-air_6744_36456","[...] { _tsRatingConfig = { tsid : 'X0C74C395F78C2D0663798C126CCFC286', element : '#ts_review_sticker', variant : 'testimonial', reviews : '5', betterThan : '3.0', richSnippets : 'on', backgroundColor : '#FFDC0F', linkColor : '#000000', quotationMarkColor : '#FFFFFF', fontFamily : 'Arial', reviewMinLength : '10' }; var scripts = document.getElementsByTagName('SCRIPT'), me = scripts[scripts.length - 1]; var _ts = document.createElement('SCRIPT'); _ts.type = 'text/javascript'; _ts.async = true; _ts.src = '//widgets.trustedshops.com/reviews/tsSticker/tsSticker.js'; me.parentNode.insertBefore(_ts, me); _tsRatingConfig.script = _ts; })(); [...]"
"827","2019-12-18","internetbasiert","Newsletter backup. europa-uomo.ch, 2019-12-18","https://www.europa-uomo.ch/newsletter-backup/","Die transurethrale Resektion wird nicht nur das klinische Stadium und den Grad des Primärtumors liefern, sondern auch eine wichtige Rolle bei der Bestimmung der Art der Histologie (insbesondere der varianten Histologie) spielen, die die Behandlung beeinflusst."
"828","2019-06-05","internetbasiert","Drucksensoren erhöhen Genauigkeit und Präzision in IoT-Designs. 0800hardware.de, 2019-06-05","http://0800hardware.de/drucksensoren-erhoehen-genauigkeit-und-praezision-in-iot-designs/","The ease of use of a Nano board with the addition of secure IoT and BT connectivity Small (45mm x 18mm), robust and powerful board; 3.3V variant of the Nano family."
"829","2020-06-06","internetbasiert","Der VW Passat für die grünen Momente - Main-Spitze. Main-Spitze, 2020-06-06","https://www.main-spitze.de/ratgeber/auto-und-motorrad/autotests/volkswagen/der-vw-passat-fur-die-grunen-momente_21770500","Länge 4,89 m Preis (Grundausstattung) 45 810 € Breite 1,83 m Kofferraumvolumen 483-1613l Höhe 1,52 m Testverbrauch 4,6 l plus 15 kWh/100 km kW/PS 160/218 CO2-Ausstoß (WLTP) 37 g/km VW Passat GTE Variant Highline Länge 4,89 m Preis (Grundausstattung) 45 810 € Breite 1,83 m Kofferraumvolumen 483-1613l Höhe 1,52 m Testverbrauch 4,6 l plus 15 kWh/100 km kW/PS 160/218 CO2-Ausstoß (WLTP) 37 g/km"
"830","2020-05-29","internetbasiert","Borschtsch. Kulinarisch Reisen mit Lisetta-chan, 2020-05-29","https://lisetta.food.blog/2020/05/29/borschtsch/","Die fleischlose variante gabe es schon zu deiner Kinderzeit im Winter – allerdings mit weniger Begeisterung empfangen😉"
"831","2020-05-15","internetbasiert","VW Passat Variant 2.0 TDI Highline 4Motion. VW Passat Variant 2.0 TDI Highline 4Motion, 2020-05-15","https://grogg-fahrzeuge.ch/listings/grogg-ag-am-lager-zuerich-wallissellen-duebendorf-import-ford-service-reparaturen-vw-passat-variant-2-0-tdi-highline-4motion/","VW Passat Variant 2.0 TDI Highline 4Motion"
"832","2019-01-26","internetbasiert","Gefahr für den Golf - Main-Spitze. Main-Spitze, 2019-01-26","https://www.main-spitze.de/ratgeber/auto-und-motorrad/autotests/hyundai/gefahr-fur-den-golf_19922481","Gepäckraumvolumen 605 Liter/1620 Liter beim Golf Variant, 602/1650 Liter beim i30 Kombi."
"833","2020-08-03","internetbasiert","Variant 3017 TB | 320x168cm - 3,0t | Dreiseitenkipper - Bordwandaufsatz. PKW-Anhänger kaufen bei P+P Anhängercenter | Wohnmobil Vermietung & Anhängervermietung, 2020-08-03","http://www.ppanhaengercenter.com/store/p780/Variant-3017-TB-320-x-168-cm.html","Variant Dreiseitenkipper"
"834","2020-04-18","internetbasiert","kathas schneekuchen & ideenliste zur eiweissverwertung. Esskultur, 2020-04-18","https://www.esskultur.at/kathas-schneekuchen-inkl-ideenliste-zur-eiweissverwertung/","hallo ernelinde, meiner ist genauso einfach, nur wie immer hier auf esskultur genauer erklärt wie was wo warum;-) ihrer scheint die in vielen haushalten geläufige variante zu sein, der von meiner oma (steht eh oben), ist ganz ähnlich, mir aber so oder so zu süß. mich würde interessieren, wo all die eiweiß- oder schneekuchen dieser art ihren ursprung haben."
"835","2019-01-01","internetbasiert","Wartungspaket Volkswagen Gruppe Benziner A3 Leon Golf V Insp. Autoteile Schork, 2019-01-01","https://www.autoteile-schork.de/shop/fahrzeugteile-nkw-tuning/wartungspakete/audi-vw-seat-skoda/febi-wartungspaket-volkswagen-gruppe-benziner-a3-leon-golf-v-insp_8339,de,156083,596988","VW Golf 5 Variant 1.6 B [BSE, BSF, CCSA], 1.6 X [CCSA] 1K5"
"836","2018-10-29","internetbasiert","Messerblock - Ein guter Schutz für Messer - Marianne bloggt!. Marianne bloggt!, 2018-10-29","https://www.marianne-berlin.de/messerblock-ein-guter-schutz-fuer-messer/","Wer einen Messerblöck hat, der sich nicht abschließe lässt, kann auf die abschließbare variante umsteigen oder den Messerblock in einem verschließbaren Schrak unterbringen."
"837","2020-11-27","internetbasiert","Rechnung manuell erstellen. openolitor.org, 2020-11-27","https://openolitor.org/rechnung-manuell-erstellen/","VARIANTE MAIL:"
"838","2020-01-01","internetbasiert","Der Volkswagen Golf Variant: Der Allrounder. heisel.de, 2020-01-01","https://www.heisel.de/der-volkswagen-golf-variant-der-allrounder/","Die moderne Motorentechnik in Ihrem Golf Variant zeichnet sich durch Sparsamkeit, Durchzugskraft und Leistung aus."
"839","2018-10-15","internetbasiert","IoT Connect Anywhere von Orange Business Services ermöglicht Unternehmen die Einrichtung privater Lo. 0800hardware.de, 2018-10-15","http://0800hardware.de/iot-connect-anywhere-von-orange-business-services-ermoeglicht-unternehmen-die-einrichtung-privater-lo/","The ease of use of a Nano board with the addition of secure IoT and BT connectivity Small (45mm x 18mm), robust and powerful board; 3.3V variant of the Nano family."
"840","2020-01-01","internetbasiert","32-300. isover.ch, 2020-01-01","https://www.isover.ch/de/solutions/32-300","[...] Description Unité 1 Unité 2 Variant 1 Variant 2 Variant 3 Variant 4 Variant 5 Variant 6 Zementestrich d [mm] 70 70 70 70 70 70 LURO 814 d [mm] – – – 60 60 60 LURO 814 d [mm] 60 60 80 60 60 80 LURO 814 d [mm] 60 80 80 60 80 80 Wärmeschutz im Winter * ** ** ** *** Wärmedurchgangskoeffizient U [W/(m2 K)] 0.26 0.22 0.20 0.18 0.16 0.15 Wärmeschutz im Sommer Wärmespeicherfähigkeit (mit Rsi) κi,oben [Wh/m2 K)] 13 13 13 13 13 13 Schalldämmung Bewertetes Schalldämm-Mass Rw ca. [dB] 73 74 75 76 77 77 Bewerteter Norm-Trittschallpegel L'nw [dB] 41 41 41 41 41 41 Spektrum-Anpassungswerte (Ci) [...]"
"841","2020-01-01","internetbasiert","Sensor, Ansauglufttemperatur. BERU Zündungsteile | BERU – Ihr Experte für Zündungstechnik, 2020-01-01","https://www.beruparts.de/find-my-part/9736955/beru-by-driv/sensoren/sensor--ansauglufttemperatur/st004.pd.html","Passend für: {{make}} {{variant}} {{engine_display}} Passend für: Achse {{axle_code}} Passend für: Motor {{fitsEngineDisplay}}"
"842","2020-01-01","internetbasiert","Reparatursatz, Zündverteiler. BERU Zündungsteile | BERU – Ihr Experte für Zündungstechnik, 2020-01-01","https://www.beruparts.de/find-my-part/9737188/beru-by-driv/andere/reparatursatz--zundverteiler/dks011.pd.html","Marke Variante Motor Aktion {{fitment.make}} {{fitment.variant}} {{fitment.engine_display}}"
"843","2020-10-29","internetbasiert","531. Mythos Corona, Gen-Impfstoffe, Massenimpfungen: Das sagen CDU/CSU, FDP sowie DIE LINKE.. Sägefisch, 2020-10-29","https://jacquesauvergne.wordpress.com/2020/10/29/531/","He has mathematically modelled the spread of diseases such as new variant Creutzfeldt–Jakob disease and AIDS."
"844","2018-10-29","internetbasiert","Samsung Galaxy S10 – die Front-Kamera könnte im Display verbaut werden. Testberichte, News, Tablets & Smartphones, 2018-10-29","https://www.appdated.de/2018/10/samsung-galaxy-s10-neuer-report-zeigt-wichtige-neuerungen/","According to The Bell, the most powerful Galaxy S10 variant, the Galaxy S10 Plus, will ship with a 6.44-inch display*, while the entry-level model may sport a 5-inch panel."
"845","2020-12-16","internetbasiert","Aufkleber, Beschriftung, Folierungen. Bickal.at, 2020-12-16","https://www.bickal.at/","Es gibt dabei 2 verschiedene varianten die man wählen kann."
"846","2018-06-21","internetbasiert","Effizientere Geschäftsprozesse mit XcalibuR bei der kika/Leiner-Gruppe. bpi solutions gmbh & co. kg, 2018-06-21","https://www.bpi-solutions.de/success-stories/effizientere-geschaeftsprozesse-mit-xcalibur/","Die hierzu notwendigen Daten werden über XcalibuR automatisch im Shop bereitgestellt und variant abgebildet."
"847","2020-04-28","internetbasiert","Star Wars Episode 1 Racer: Der Klassiker hat nach Verschiebung einen neuen Termin. play3.de – PS5 & PS4 News – Tests, Vorschauen, Videos, 2020-04-28","https://www.play3.de/2020/04/28/star-wars-episode-1-racer-der-klassiker-hat-einen-termin/","als augenkrebs variante?"
"848","2019-11-25","internetbasiert","Intel versucht aufzuholen: Core i9-10980XE mit 18 Kernen im Test - Hardwareluxx. Hardwareluxx Media GmbH, 2019-11-25","https://www.hardwareluxx.de/index.php/artikel/hardware/prozessoren/51535-intel-versucht-aufzuholen-core-i9-10980xe-mit-18-kernen-im-test.html","Spectre Variante 2 (CVE-2017-5715)"
"849","2019-03-07","internetbasiert","WOHNUNG RENOVIEREN im URLAUB – Das rund um sorglos Paket! -. Plan-Mehr.at - Alte Mauern mit neuem Leben füllen, 2019-03-07","https://www.plan-mehr.at/wohnung-renovieren-im-urlaub/","WOHNUNG RENOVIEREN im Urlaub – verschiedene Varianten VARIANTE I"
"850","2020-07-08","internetbasiert","Hilfe bei Netzteil-Bau Ersatzteilversand. forum.electronicwerkstatt.de, 2020-07-08","https://forum.electronicwerkstatt.de/phpBB/Elektrische_Probleme/hilfe_bei_netzteil_bau-t148205f6_bs0.html","Schade dann muss ich wohl doch auf die Batterie variante umsteigen, oder habt ihr noch eine Idee."
"851","2020-11-27","internetbasiert","Amy Shore: Guy 2, 2019. Galerie Roschlaub GmbH, 2020-11-27","https://galerie-roschlaub.com/products/guy-2-2019","[...]\/9168\/products\/2.AmyShore_Guy2_GuyBerryman__2019__c_AmyShore.jpg?v=1606509799"",""width"":800}],""requires_selling_plan"":false,""selling_plan_groups"":[],""content"":""\u003cp data-mce-fragment=\""1\""\u003e40 x 50 cm (ungerahmt)\u003c\/p\u003e\n\u003cp data-mce-fragment=\""1\""\u003e\u003cmeta charset=\""utf-8\""\u003e\u003cspan\u003eEdition of 15\u003c\/span\u003e\u003c\/p\u003e\n\u003cp data-mce-fragment=\""1\""\u003e \u003c\/p\u003e""};GRFQCollection[6088945533120]['collection'] = [];GRFQCollection[6088945533120][""collection""].push('237075169472'); Variante auswählen 40 x 50 cm (ungerahmt) Edition of 15 Lesen Sie mehr 40 x 50 cm (ungerahmt) Edition of 15 Teilen [...]"
"852","2019-11-15","internetbasiert","Automatisches Ziehen einer Reportingvariante. berater-wiki.de, 2019-11-15","https://www.berater-wiki.de/Automatisches_Ziehen_einer_Reportingvariante","EXPORTING report = lc_report variant = lv_vari EXCEPTIONS variant_not_existent = 1 variant_obsolete = 2 OTHERS = 3. IF sy-subrc <> 0. * Report & mit Variante & existiert nicht MESSAGE i059(/bdl/d-) WITH lc_report lv_vari. ENDIF. ENDIF. ENDFORM."
"853","2018-07-02","internetbasiert","Samsung Galaxy S10 – drei Objektive und drei Größen für das neue Topmodell. Testberichte, News, Tablets & Smartphones, 2018-07-02","https://www.appdated.de/2018/07/samsung-galaxy-s10-drei-modelle-und-triple-lens-kamera/","The Galaxy S10 Plus is said to sport three cameras on its back, while the small Galaxy S10 variant will stick to one rear-facing camera."
"854","2020-02-28","internetbasiert","meine-wiking-welt - Golf IV Variant. meine-wiking-welt.eu, 2020-02-28","https://www.meine-wiking-welt.eu/pkw/volkswagen/golf-iv-variant/","VW Golf Variant 05801 1999-2001 orangerot, IE grau mit separiertem Lenkrad schwarz, Innenspiegel Teil der Verglasung, Scheibenwischer Teil der Karosserie, 2 Außenspiegel in Wagenfarbe, Frontscheinwerfer klartransparent + Rückleuchten rottransparent eingesetzt, Stossstangen orangerot, mit plastische Dachreling schwarz, Heckfensterumrandung schwarz mit Heckwischer schwarz, filigraner Grill orangerot + VW-Logo vorn + auf Heckklappe auf schwarzem Grund gesilbert, Räder zweiteilig VW Aluspeichenfelgen mit aufgezogenen Reifen, Bodenplatte schwarz, Bodenprägung modernes Wiking-Logo."
"855","2018-03-25","internetbasiert","Lebensunterhalt verdienen Rise of Napoleon Slot PokerStars Casino. kielspratineurope.eu, 2018-03-25","https://kielspratineurope.eu/category-euro/18-03-2018-1349.php","Grals an brilliant idea casino 1 euro einzahlen 20 bekommen verb tenses chart auszahlung urlaubsgeld bestimmen online casino manipulieren definition of classlessness results spiele startguthaben ohne einzahlung video über blackjack varianten bei."
"856","2018-06-01","internetbasiert","Fertighaus Variant 25-183 | HANSE HAUS. Hanse Haus, 2018-06-01","https://www.hanse-haus.ch/de/architektur/haeuser/haus/variant-25-183/","Für das Variant 25-183 haben wir auch eine Planungsvariante als Haus mit Einliegerwohnung für Sie vorbereitet, die sich ganz einfach umsetzen lässt."
"857","2019-05-14","internetbasiert","Verizon extends IoT leadership position, launching its Narrowband IoT Network nationwide, offering more choices, multiple use cases for IoT customers. 0800hardware.de, 2019-05-14","http://0800hardware.de/verizon-extends-iot-leadership-position-launching-its-narrowband-iot-network-nationwide-offering-more-choices-multiple-use-cases-for-iot-customers/","Small (45mm x 18mm), robust and powerful board; 3.3V variant of the Nano family."
"858","2019-02-07","internetbasiert","Tesla startet Model-3-Auslieferung in Europa. ecomento.de, 2019-02-07","https://ecomento.de/2019/02/07/tesla-startet-model-3-auslieferung-in-europa/","Vermutlich kommt bald die bestellmöglichkeit für die letzte kostendeckend herstellbare variante – so wie vorgestern in China."
"859","2020-02-19","internetbasiert","Bauleitpläne im Verfahren. Stadt Norderstedt, 2020-02-19","https://www.norderstedt.de/Wirtschaft-und-Entwicklung/Stadtplanung-und-Bauen/Bebauungspläne-und-sonst-Satzungen/Bauleitpläne-im-Verfahren?La=1&NavID=1087.310","B313-Strukturskizze Variante 1"
"860","2020-08-01","internetbasiert","Lokalisieren Sie Ihre Software und erschließen Sie neue Märkte. sisulizer.de, 2020-08-01","https://www.sisulizer.de/online-help/SystemVariantDialog.shtml","The variant code contains the following properties:"
"861","2019-12-19","internetbasiert","Fillikid Sonnenschirm Easy Fit Exclusiv | Kinderhaus Blaubär. kinderhaus-blaubaer.de, 2019-12-19","https://www.kinderhaus-blaubaer.de/fillikid-sonnenschirm-easy-fit_34419_54463","[...] { _tsRatingConfig = { tsid : 'X0C74C395F78C2D0663798C126CCFC286', element : '#ts_review_sticker', variant : 'testimonial', reviews : '5', betterThan : '3.0', richSnippets : 'on', backgroundColor : '#FFDC0F', linkColor : '#000000', quotationMarkColor : '#FFFFFF', fontFamily : 'Arial', reviewMinLength : '10' }; var scripts = document.getElementsByTagName('SCRIPT'), me = scripts[scripts.length - 1]; var _ts = document.createElement('SCRIPT'); _ts.type = 'text/javascript'; _ts.async = true; _ts.src = '//widgets.trustedshops.com/reviews/tsSticker/tsSticker.js'; me.parentNode.insertBefore(_ts, me); _tsRatingConfig.script = _ts; })(); [...]"
"862","2018-04-27","internetbasiert","Seit 70 Jahren in der Schweiz: Volkswagen feiert Jubiläum › motortipps.ch. motortipps.ch, 2018-04-27","https://motortipps.ch/seit-70-jahren-in-der-schweiz-volkswagen-feiert-jubilaeum/","Ein Jahr später, 1962, kam die Kombiversion, die ihrer Variabilität wegen „Variant“ genannt wurde."
"863","2019-11-28","internetbasiert","Volkswagen Golf Variant MFH Mehrmarken Fahrzeughandel - Neuwagenvermittlung-24. Osna-Autos, 2019-11-28","https://www.mfh-autos.de/liste-volkswagen-golf-variant-a__46671_alle.php","Volkswagen Golf Variant 8 Life 2,0 TDI 110KW 2023 ACC Winter Bestellung ab Werk"
"864","2018-06-22","internetbasiert","IoT-Innovationen fördern: XITASO verstärkt Anwenderorganisation “MindSphere World e.V.”. IoT-Innovationen fördern: XITASO verstärkt Anwenderorganisation “MindSphere World e.V.”, 2018-06-22","http://0800hardware.de/iot-innovationen-foerdern-xitaso-verstaerkt-anwenderorganisation-mindsphere-world-e-v/","Small (45mm x 18mm), robust and powerful board; 3.3V variant of the Nano family."
"865","2018-02-05","internetbasiert","DGAP-News: Advanced Blockchain AG entwickelt mit Digital Worx GmbH im Bereich Industrie 4.0 und Internet der Dinge (IoT) (deutsch). DGAP-News: Advanced Blockchain AG entwickelt mit Digital Worx GmbH im Bereich Industrie 4.0 und Internet der Dinge (IoT) ...","http://0800hardware.de/dgap-news-advanced-blockchain-ag-entwickelt-mit-digital-worx-gmbh-im-bereich-industrie-4-0-und-internet-der-dinge-iot-deutsch/","The ease of use of a Nano board with the addition of secure IoT and BT connectivity Small (45mm x 18mm), robust and powerful board; 3.3V variant of the Nano family."
"866","2018-09-24","internetbasiert","Symbol per API erstellen. Suplanus, 2018-09-24","https://suplanus.de/symbol-per-api-erstellen/","sbyte variantIndex = Convert.ToSByte(variantCount); // A = 0 MDSymbolVariant variant; if (variantCount == 0) // First variant is created at Symbol.Create() { variant = symbol.Variants.First(); } else { variant = symbol.AddSymbolVariant(variantIndex); }"
"867","2020-04-09","internetbasiert","SARS-CoV-2-pLandemie. Humanismus 2020, 2020-04-09","https://www.thomasbinder.ch/post/5g-sars-cov-2-pande-m-i-e-truth","""A live, attenuated coronavirus comprising a variant replicase gene encoding polyproteins comprising a mutation in one or more of non- structural protein(s)"
"868","2020-06-10","internetbasiert","schnittmuster. SOMMERLIEB 20k | Shirt & Kleid. Schwalbenliebe, 2020-06-10","https://www.schwalbenliebe.com/products/sommerlieb-20k-shirt-kleid-deutsch","SWRf 20k art. digitaler Schnitt, PDF-Anleitung & Schnitt oder Papierschnitt varianten."
"869","2018-04-14","internetbasiert","Was sind die besten Kondome? Einhorn, My Size, Chaps, DM? Der TEST!. Lovetoy Erfahrung, 2018-04-14","https://www.lovetoy-erfahrung.de/kondome/","Diese beiden varianten sind auf jeden Fall hochwertig hergestellt und bieten somit eine gute Qualität."
"870","2018-05-09","internetbasiert","Bildungsreise zum Wörthersee. Autonotizen, 2018-05-09","https://autonotizen.de/neuigkeiten/vw-golf-gti-next-level-und-variant-gmotion","Dort wird der Golf Variant gebaut, weswegen auch der Beitrag von dort das längere Heck trägt."
"871","2020-01-01","internetbasiert","Der Volkswagen Golf Variant: Der Allrounder. heisel.de, 2020-01-01","https://www.heisel.de/der-volkswagen-golf-variant-der-allrounder/","Die Highlights des R-Line Sportpakets bieten Ihrem Golf Variant noch mehr Raum für Sportlichkeit."
"872","2018-09-01","internetbasiert","MMX 300. beyerdynamic GmbH & Co. KG, 2018-09-01","https://www.beyerdynamic.ch/mmx-300.html","Solved variant"
"873","2018-03-31","internetbasiert","Angebote VW - Wolfert Gruppe. Wolfert Gruppe, 2018-03-31","https://www.wolfert-gruppe.de/neuwagen/angebote-vw/","VW Neuwagenangebote Der Passat Variant R-Line ""Edition"
"874","2018-04-10","internetbasiert","Zahnfüllung: Welches Material ist für den Zahnersatz geeignet? (2023). Zahnarzt Dinkelsbühl, 2018-04-10","https://xn--zahnarzt-dinkelsbhl-mbc.de/zahnfuellung/","Nicht mit zement patienten gesetzlichen heilpflanzen oder variante."
"875","2018-02-02","internetbasiert","MSC Technologies und H&D Wireless unterzeichnen Bevorratungs- und Abwicklungsvertrag für IoT-Konnektivitätsmodule. 0800hardware.de, 2018-02-02","http://0800hardware.de/msc-technologies-und-hd-wireless-unterzeichnen-bevorratungs-und-abwicklungsvertrag-fuer-iot-konnektivitaetsmodule/","The ease of use of a Nano board with the addition of secure IoT and BT connectivity Small (45mm x 18mm), robust and powerful board; 3.3V variant of the Nano family."
"876","2019-09-26","internetbasiert","Home2 - STILBRUCH. STILBRUCH, 2019-09-26","https://www.stilbruch-bamberg.de/home2/","Also Probiert uns, das Traditionelle oder eine neue variante des guten alten Burgers."
"877","2020-08-12","internetbasiert","Achsschenkel links vorne VW Golf VI Variant (AJ5) 1.6 TDI 77 kW 105 PS (07.2009-07.2013) | 112184. Kempers.de, 2020-08-12","https://www.kempers.de/achsschenkel-links-vorne-vw-golf-vi-variant-aj5-1k0407255p/112184","Model: Golf VI Variant (AJ5)"
"878","2018-10-08","internetbasiert","Datentransfer über hohe Reichweite im Sub-GHz-Bereich: Toleranter HF-Transceiver für IoT-Kommunikation mit ungenauer Trägerfrequenz. 0800hardware.de, 2018-10-08","http://0800hardware.de/datentransfer-ueber-hohe-reichweite-im-sub-ghz-bereich-toleranter-hf-transceiver-fuer-iot-kommunikation-mit-ungenauer-traegerfrequenz/","Small (45mm x 18mm), robust and powerful board; 3.3V variant of the Nano family."
"879","2019-12-19","internetbasiert","ALVI Wickelauflage Folie Wiko Kuschel 75x85 cm TOP | Kinderhaus Blaubär. kinderhaus-blaubaer.de, 2019-12-19","https://www.kinderhaus-blaubaer.de/alvi-top-wickelauflage-folie-wiko-kuschel-75x85-cm_33901_53371","[...] { _tsRatingConfig = { tsid : 'X0C74C395F78C2D0663798C126CCFC286', element : '#ts_review_sticker', variant : 'testimonial', reviews : '5', betterThan : '3.0', richSnippets : 'on', backgroundColor : '#FFDC0F', linkColor : '#000000', quotationMarkColor : '#FFFFFF', fontFamily : 'Arial', reviewMinLength : '10' }; var scripts = document.getElementsByTagName('SCRIPT'), me = scripts[scripts.length - 1]; var _ts = document.createElement('SCRIPT'); _ts.type = 'text/javascript'; _ts.async = true; _ts.src = '//widgets.trustedshops.com/reviews/tsSticker/tsSticker.js'; me.parentNode.insertBefore(_ts, me); _tsRatingConfig.script = _ts; })(); [...]"
"880","2019-01-07","internetbasiert","Grand Hotel Saigon – Vietnam | Bel Air Strandhotel. Bel Air Strandhotel, 2019-01-07","https://bel-air-hotels.de/grand-hotel-saigon-vietnam/","[...] !important;padding-bottom: 15px !important;background-image: url(https://www.grandhotelbinz.com/wp-content/uploads/sites/2/2019/01/Grand-Hotel-Saigon-Le-Grand-Spa.jpg?id=1006992) !important;background-position: center !important;background-repeat: no-repeat !important;background-size: cover !important;}“][vc_empty_space height=“250px“][/vc_column_inner][vc_column_inner width=“1/2″ css=“.vc_custom_1544099109753{padding-top: 15px !important;padding-bottom: 15px !important;}“][ultimate_heading main_heading=“LE GRAND SPA & FITNESS“ main_heading_color=“#00305d“ sub_heading_color=“#00305d“ main_heading_font_family=“font_family:Cormorant|font_call:Cormorant|variant:600″ main_heading_style=“font-weight:600;“ sub_heading_font_family=“font_family:Cormorant|font_call:Cormorant|variant:600italic“ sub_heading_style=“font-style:italic;font-weight:600;“ main_heading_font_size=“desktop:20px;“][/ultimate_heading][vc_separator color=“black“ border_width=“2″ el_width=“20″ css=“.vc_custom_1544100049082{padding-top: 15px !important;}“][vc_column_text css=“.vc_custom_1546857695487{padding-right: 15px !important;padding-left: 15px !important;}“] [...]"
"881","2018-08-12","internetbasiert","3D Druck - Nanoleaf Mounts. 3d-loewe.de, 2018-08-12","https://www.3d-loewe.de/p/nanoleaf-mounts","Variante 5: nanoleafmount5"
"882","2018-11-23","internetbasiert","Samsung will Ausbau von 5G, IoT und KI vorantreiben. 0800hardware.de, 2018-11-23","http://0800hardware.de/samsung-will-ausbau-von-5g-iot-und-ki-vorantreiben/","Small (45mm x 18mm), robust and powerful board; 3.3V variant of the Nano family."
"883","2020-11-10","internetbasiert","SARS-CoV-2 Infektionsimmunologie - Institut für Mikrobiologie und Hygiene Regensburg. Institut für Mikrobiologie und Hygiene Regensburg, 2020-11-10","https://imhr.de/neue-hiv-1-restriktionsfaktoren/","Bauswein M, Peterhoff D, Plentz A, Hiergeist A, Wagner R, Gessner A, Salzberger B, Schmidt B, Bauernfeind S. Increased neutralization of SARS-CoV-2 Delta variant after heterologous ChAdOx1 nCoV-19/BNT162b2 versus homologous BNT162b2 vaccination. iScience."
"884","2019-03-31","internetbasiert","Nokia 8.1 plus aka X71 kommt am 2. April mit durchbrochenem Display. Testberichte, News, Tablets & Smartphones, 2019-03-31","https://www.appdated.de/2019/03/nokia-8-1-plus-aka-x71-kommt-am-2-april-mit-durchbrochenem-display/","Going by the rumored name of the global variant of the smartphone*, the Nokia 8.1 Plus will be a mid-range smartphone* and is likely be a successor of sorts to the Nokia 8.1 launched in December last year."
"885","2019-08-11","internetbasiert","Angelspeer Bestenliste - Angelguru. Angelguru, 2019-08-11","https://angelguru.de/bestenlisten/angelgrundausstattung/angelspeer-bestenliste/","Die Beschreibung der einzelne varianten finden Sie auf der Produktbeschreibung unten."
"886","2019-04-04","internetbasiert","Q1 2019: Tesla liefert 31 Prozent weniger Elektroautos als im Vorquartal aus. ecomento.de, 2019-04-04","https://ecomento.de/2019/04/04/q1-2019-tesla-liefert-31-prozent-weniger-elektroautos-als-im-vorquartal-aus/","Im Q3 werden zu wenige teure M3 varianten und zu viele deckungsbeitragsschwache SR gebaut und die verluste werden wieder erheblich ansteigen, der aktienkus entsprechend fallen."
"887","2020-01-01","internetbasiert","Der Passat Variant: So souverän wie Sie. heisel.de, 2020-01-01","https://www.heisel.de/der-neue-passat-variant-so-souveraen-wie-sie/","Verschaffen Sie sich mit der optionalen Umgebungsansicht „Area View“ einen hervorragenden Überblick rund um den Passat Variant."
"888","2020-04-28","internetbasiert","""Eine Fahrradstadt ist eine menschenfreundliche Stadt"". Lifeguide Augsburg, 2020-04-28","http://www.lifeguide-augsburg.de/magazin/eine-fahrradstadt-ist-eine-menschenfreundliche-stadt","Irgendwann waren die Parkkosten, Knöllchen, Abschleppgebühren und die Instandhaltungskosten für den 14 Jahre alten Passat Variant schlicht zu hoch für den studentischen Thekenjob."
"889","2019-11-28","internetbasiert","Mittels einer Brotbackmaschine von zuhause selbst Brot backen. Senioren Magazin, 2019-11-28","https://seniorenmagazin.net/brotbackmaschine/2795","Im Gegensatz zu heute war allerdings das Vollkornbrot die billige variante und wurde darum vorwiegend von der armen Bevölkerungsschicht verzehrt."
"890","2019-05-16","internetbasiert","Volkswagen-Chef Diess zu Tesla: ""Wir werden gewinnen"". ecomento.de, 2019-05-16","https://ecomento.de/2019/05/16/volkswagen-chef-diess-zu-tesla-wir-werden-gewinnen/","Diese variante hat aber einen „kleinen“ haken:"
"891","2020-12-17","internetbasiert","Keine Impfexperimente in NRW. Schariagegner, 2020-12-17","https://schariagegner.wordpress.com/2020/12/17/keine-impfexperimente-in-nrw/","COVID-19: ‚This is deadly serious‘ – New coronavirus variant ‚out of control‘, health secretary warns"
"892","2018-06-27","internetbasiert","IoT forecast: operator spend on connectivity management platforms 2017-2026. 0800hardware.de, 2018-06-27","http://0800hardware.de/iot-forecast-operator-spend-on-connectivity-management-platforms-2017-2026/","The ease of use of a Nano board with the addition of secure IoT and BT connectivity Small (45mm x 18mm), robust and powerful board; 3.3V variant of the Nano family."
"893","2018-11-16","internetbasiert","3D Druck - ESP8266 NodeMcu Amica - bigger case. 3d-loewe.de, 2018-11-16","https://www.3d-loewe.de/p/esp8266-nodemcu-amica-bigger-case","Variante 1: case bottom v3"
"894","2019-01-01","internetbasiert","Original Aluminium Felge VW | Top-Preis: 1.104,90 €. Top-Preis: 1.104,90 €, 2019-01-01","https://www.basenio.de/guenstig-kaufen/original-aluminium-felge-vw-57193/_golf-7/","[...] TGI CNG 1395 ccm, 81 KW, 110 PS VW Golf VII Variant 2014/05-2019/12 BA5 1.4 TSI 1395 ccm, 92 KW, 125 PS VW Golf VII Variant 2014/05-2019/12 BA5 1.4 TSI 1395 ccm, 110 KW, 150 PS VW Golf VII Variant 2013/05-2019/12 BA5 1.4 TSI 1395 ccm, 90 KW, 122 PS VW Golf VII Variant 2014/05-2019/12 BA5 1.4 TSI MultiFuel 1395 ccm, 92 KW, 125 PS VW Golf VII Variant 2013/04-2019/12 BA5 1.4 TSI MultiFuel 1395 ccm, 90 KW, 122 PS VW Golf VII Variant 2014/05-2019/12 BA5 1.6 1598 ccm, 81 KW, 110 PS VW Golf VII Variant 2013/05-2019/12 BA5 1.6 TDI 1598 ccm, 66 KW, 90 PS VW Golf VII Variant 2016/11-2019/12 BA5 1.6 TDI 1598 ccm, 85 KW, 115 PS VW Golf VII Variant 2013/05-2019/12 BA5 1.6 TDI 1598 ccm, 81 KW, 110 PS VW Golf VII Variant 2013/05-2019/12 BA5 1.6 TDI 1598 ccm, 77 KW, 105 PS VW Golf VII Variant 2013/05-2019/12 BA5 1.6 TDI 4motion 1598 ccm, 77 KW, 105 PS VW [...]"
"895","2020-01-01","internetbasiert","33-200. isover.ch, 2020-01-01","https://www.isover.ch/de/solutions/33-200","Description Unité 1 Unité 2 Variant 1 Variant 2 Variant 3 Variant 4 Variant 5 Variant 6 Zementestrich d [mm] 50 PS 81 d [mm] 20 UNIROLL 035 d [mm] 180 Wärmeschutz im Sommer Wärmespeicherfähigkeit (mit Rsi) κi,oben [Wh/m2 K)] 13 Wärmespeicherfähigkeit (mit Rsi) κi,unten [Wh/m2 K)] 3 Schalldämmung Bewertetes Schalldämm-Mass Rw [dB] 62 Spektrum-Anpassungswerte (C;Ctr)"
"896","2018-10-10","internetbasiert","Trendreport von Reply: Die Evolution des Consumer-IoT. 0800hardware.de, 2018-10-10","http://0800hardware.de/trendreport-von-reply-die-evolution-des-consumer-iot/","The ease of use of a Nano board with the addition of secure IoT and BT connectivity Small (45mm x 18mm), robust and powerful board; 3.3V variant of the Nano family."
"897","2019-06-07","internetbasiert","Wie die Blockchain IoT und Industrie 4.0 möglich macht. Wie die Blockchain IoT und Industrie 4.0 möglich macht, 2019-06-07","http://0800hardware.de/wie-die-blockchain-iot-und-industrie-4-0-moeglich-macht/","The ease of use of a Nano board with the addition of secure IoT and BT connectivity Small (45mm x 18mm), robust and powerful board; 3.3V variant of the Nano family."
"898","2020-01-01","internetbasiert","Der Passat Variant: So souverän wie Sie. heisel.de, 2020-01-01","https://www.heisel.de/der-neue-passat-variant-so-souveraen-wie-sie/","Das Design des Passat Variant strahlt Eleganz und Dynamik aus."
"899","2020-12-17","internetbasiert","Keine Impfexperimente in NRW. Schariagegner, 2020-12-17","https://schariagegner.wordpress.com/2020/12/17/keine-impfexperimente-in-nrw/","Le variant a été nommé VUI – 202012/01, car il est le premier à avoir été investigué au mois de décembre 2020"
"900","2020-03-02","internetbasiert","Alvi Mull-Schlafsack TOP | Kinderhaus Blaubär. kinderhaus-blaubaer.de, 2020-03-02","https://www.kinderhaus-blaubaer.de/kinderzimmer/schlafen-und-relaxen/schlafsaecke/alvi-mull-schlafsack-top_34169_53412","[...] { _tsRatingConfig = { tsid : 'X0C74C395F78C2D0663798C126CCFC286', element : '#ts_review_sticker', variant : 'testimonial', reviews : '5', betterThan : '3.0', richSnippets : 'on', backgroundColor : '#FFDC0F', linkColor : '#000000', quotationMarkColor : '#FFFFFF', fontFamily : 'Arial', reviewMinLength : '10' }; var scripts = document.getElementsByTagName('SCRIPT'), me = scripts[scripts.length - 1]; var _ts = document.createElement('SCRIPT'); _ts.type = 'text/javascript'; _ts.async = true; _ts.src = '//widgets.trustedshops.com/reviews/tsSticker/tsSticker.js'; me.parentNode.insertBefore(_ts, me); _tsRatingConfig.script = _ts; })(); [...]"
"901","2020-01-01","internetbasiert","Zündverteilerkappe. BERU Zündungsteile | BERU – Ihr Experte für Zündungstechnik, 2020-01-01","https://www.beruparts.de/find-my-part/9739713/beru-by-driv/zundung/zundverteilerkappe/vk303.pd.html","Passend für: {{make}} {{variant}} {{engine_display}} Passend für: Achse {{axle_code}} Passend für: Motor {{fitsEngineDisplay}}"
"902","2019-12-10","internetbasiert","Ratgeber Promotion als Frau - Finanzierung, Förderung, Finanzielle Hilfen - 2023 [inkl. Ratgeber]. Infomeo, 2019-12-10","https://www.infomeo.de/ratgeber-promotion-als-frau-finanzierung-foerderung-finanzielle-hilfen/","Rather, another variant is usually necessary."
"903","2020-01-01","internetbasiert","Bordwandaufsatz Alu 35 Cm PK. Koch Anhängerwerke, 2020-01-01","https://www.kochanhaengerwerke.de/et-shop/bordwandaufsatz-alu-35-cm-pk","Variant Heckkipper Variant 168x320cm 2,7t | E-Pumpe | Rampen | Aktion"
"904","2018-02-14","internetbasiert","Chipsets as a Service: Qualcomm Wireless Edge Services für IoT-Management. 0800hardware.de, 2018-02-14","http://0800hardware.de/chipsets-as-a-service-qualcomm-wireless-edge-services-fuer-iot-management/","The ease of use of a Nano board with the addition of secure IoT and BT connectivity Small (45mm x 18mm), robust and powerful board; 3.3V variant of the Nano family."
"905","2018-05-31","internetbasiert","VW Golf Variant: Zuverlässigkeit und Erfolg seit 1993. Auto-Kombi, 2018-05-31","https://www.kombi.de/vw-golf-variant/","Wurde schon ab der 3. Generation des Kassenschlagers eine verlängerte Variante eingeführt, welche zunächst kaum Zuspruch erhielt, so sollte sich dies vorerst mit der Präsentation des Variant in der 5. Generation nicht viel ändern."
"906","2019-11-28","internetbasiert","Volkswagen Golf Variant MFH Mehrmarken Fahrzeughandel - Neuwagenvermittlung-24. Osna-Autos, 2019-11-28","https://www.mfh-autos.de/liste-volkswagen-golf-variant-a__46671_alle.php","Volkswagen Golf Variant Life Plus ACC LED SHZ RFK KEYLESS FernlichtAssistent El.Heckklappe"
"907","2020-01-01","internetbasiert","Qualität. RMM Metallbearbeitung GmbH, 2020-01-01","https://www.rmm-metallbearbeitung.de/qualitaet/","[...]“#ffffff“ btn1_text_color=“#ffffff“ btn1_text_hovercolor=“#333333″ btn2_text_color=“#ffffff“ btn2_text_hovercolor=“#333333″ title_font_size=“desktop:18px;“ title_line_ht=“desktop:28px;“ btn_border_radius=“2″ btn1_heading_style=“font-weight:700;“ btn2_heading_style=“font-weight:700;“ css_dualbtn_design=“.vc_custom_1581678130098{margin-top: 0px !important;margin-bottom: 0px !important;padding-top: 0px !important;padding-bottom: 0px !important;}“ btn_width=“250″ btn1_font_family=“font_family:Roboto|font_call:Roboto|variant:700″ btn2_font_family=“font_family:Roboto|font_call:Roboto|variant:700″][/vc_column][/vc_row][vc_row equal_height=“yes“ bg_type=“bg_color“ bg_override=“full“ css=“.vc_custom_1572950423405{border-top-width: 50px !important;padding-bottom: 50px !important;}“][vc_column][vc_column_text css=“.vc_custom_1581677490237{margin-top: 30px !important;}“]Mehr als 1.000 m2 Produktionsfläche mit modernstem Maschinenpark und 20 qualifizierten Fachkräften machen uns somit zu einem produktiven und zuverlässigen Partner. [...]"
"908","2018-11-22","internetbasiert","Die besten Kfz-Tarife im Vergleich. Franke und Bornberg, 2018-11-22","https://www.franke-bornberg.de/blog/die-besten-kfz-tarife-im-vergleich","In der Top-Kategorie FFF zahlt eine Familie in München für ihren VW Golf VII Variant mit Haftpflicht- und Vollkaskoschutz zwischen 376,83 und 725,10 Euro im Jahr."
"909","2018-08-23","internetbasiert","Stahlguss Rund. herfeldt-strahlmittel.de, 2018-08-23","https://www.herfeldt-strahlmittel.de/strahlmittel/StahlgussRund","[...] SAE J444 Variante HC Variante LC S 070 0,2 - 0,4 0,2 - 0,4 S 110 0,3 - 0,6 0,3 - 0,5 S 170 0,4 - 0,7 0,4 - 0,7 S 230 0,6 - 0,9 0,6 - 0,9 S 280 0,7 - 1,0 0,7 - 1,0 S 330 0,9 - 1,2 0,9 - 1,2 S 390 1,0 - 1,4 1,0 - 1,4 S 460 1,2 - 1,7 1,2 - 1,7 S 550 1,4 - 2,0 1,4 - 1,7 S 660 1,7 - 2,4 1,7 - 2,2 S 780 2,0 - 2,4 2,0 - 2,4 S 930 2,0 - 2,8 2,0 - 2,8 [...]"
"910","2018-12-09","internetbasiert","Run It Once: What Variant Do You Suck At? (Ask The Pros). PokerFirma, 2018-12-09","https://www.pokerfirma.com/news/run-it-once-what-variant-do-you-suck-at-ask-the-pros/600110","Ask The Pros: What POKER VARIANT Do You SUCK At? Anmelden {}"
"911","2020-11-16","internetbasiert","VWs Elektro-Kombi kommt erst 2023, dafür mit 700 Kilometer Reichweite. ecomento.de, 2020-11-16","https://ecomento.de/2020/11/16/vw-elektroauto-kombi-aero-b-space-vizzion-2023-700-kilometer-reichweite/","Ein ID3 Variant analog zum Golf wäre da ja schon gut."
"912","2018-09-05","internetbasiert","SQS und Siemens arbeiten zukünftig gemeinsam an intelligenten Integrationskonzepten für die IoT-Plattform MindSphere. 0800hardware.de, 2018-09-05","http://0800hardware.de/sqs-und-siemens-arbeiten-zukuenftig-gemeinsam-an-intelligenten-integrationskonzepten-fuer-die-iot-plattform-mindsphere/","Small (45mm x 18mm), robust and powerful board; 3.3V variant of the Nano family."
"913","2019-07-26","internetbasiert","m2m Germany GmbH ist zertifizierter IoT Eco-Systempartner von Unitymedia Business. 0800hardware.de, 2019-07-26","http://0800hardware.de/m2m-germany-gmbh-ist-zertifizierter-iot-eco-systempartner-von-unitymedia-business-3/","Small (45mm x 18mm), robust and powerful board; 3.3V variant of the Nano family."
"914","2020-01-01","internetbasiert","21-500. isover.ch, 2020-01-01","https://www.isover.ch/de/solutions/21-500","Description Unité 1 Unité 2 Variant 1 Variant 2 Variant 3 Variant 4 Variant 5 Variant 6 ISOVOX d [mm] 45 45 45 45 45 45 PB F 030 d [mm] 80 100 120 140 160 180 Wärmeschutz im Winter und Sommer * * ** ** ** ** Wärmedurchgangskoeffizient:"
"915","2018-08-12","internetbasiert","3D Druck - EQ5 Goto Nema17 Motor Bracket Set. 3d-loewe.de, 2018-08-12","https://www.3d-loewe.de/p/eq5-goto-nema17-motor-bracket-set","Variante 2: DEC brace"
"916","2020-04-05","internetbasiert","Museum Regular Schriftart. Fonts2u, 2020-04-05","https://de.fonts2u.com/museum-regular.schriftart","It comes in Regular, Hollow and Book variant!"
"917","2018-01-01","internetbasiert","Bastuck Edelstahl Ø70mm Downpipe mit Kat VW Golf 7 1.2l + 1.4l TSI. Dein-Sportauspuff.de, 2018-01-01","https://dein-sportauspuff.de/bastuck-edelstahl-70mm-downpipe-mit-kat-vw-golf-7-1-2l-plus-1-4l-tsi.html","[...] ccm³ 110 kW / 150 PS VW Golf 7 Variant 1.2 TSI / 1197 ccm³ 63 kW / 86 PS VW Golf 7 Variant 1.2 TSI / 1197 ccm³ 77 kW / 105 PS VW Golf 7 Variant 1.2 TSI / 1197 ccm³ 81 kW / 110 PS VW Golf 7 Variant 1.4 TSI / 1395 ccm³ 90 kW / 122 PS VW Golf 7 Variant 1.4 TSI / 1395 ccm³ 92 kW / 125 PS VW Golf 7 Variant 1.4 TSI / 1395 ccm³ 103 kW / 140 PS VW Golf 7 Variant 1.4 TSI / 1395 ccm³ 110 kW / 150 PS [...]"
"918","2018-01-23","internetbasiert","Sächsischer Ministerpräsident zu Besuch bei Volkswagen Sachsen in Zwickau. Hit-TV Europa Broadcast UG (haftungsbeschränkt), 2018-01-23","http://www.hit-tv.eu/saechsischer-ministerpraesident-zu-besuch-bei-volkswagen-sachsen-in-zwickau/","„Zunächst werden wir bis 2019 noch Golf und Golf Variant und 2020 noch den Golf Variant entsprechend unserer Kapazitäten bauen und ab Ende 2019 schrittweise auf MEB-Fahrzeuge setzen."
"919","2020-01-01","internetbasiert","22-210. isover.ch, 2020-01-01","https://www.isover.ch/de/solutions/22-210","[...] Description Unité 1 Unité 2 Variant 1 Variant 2 Variant 3 Variant 4 Variant 5 Variant 6 PB F 030 d [mm] 120 140 160 180 200 220 Wärmeschutz im Winter und Sommer * ** ** *** *** *** Wärmedurchgangskoeffizient U [W/(m2 K)] 0.21 0.18 0.16 0.15 0.13 0.12 Wärmeschutz im Sommer Wärmespeicherfähigkeit (mit Rsi) κi [Wh/m2 K)] 15 15 15 15 15 15 Schalldämmung Bewertetes Schalldämm-Mass Rw ca. [dB] 70 71 72 73 74 74 Ökologie Umweltbelastungspunkte UBP [Pt/(m2 a)] 1507 1524 1541 1558 1574 1591 Anteil Dämmung – [%] 7 8 9 10 11 12 [...]"
"920","2019-06-27","internetbasiert","Also kauft IoT-Plattform-Provider. 0800hardware.de, 2019-06-27","http://0800hardware.de/also-kauft-iot-plattform-provider/","The ease of use of a Nano board with the addition of secure IoT and BT connectivity Small (45mm x 18mm), robust and powerful board; 3.3V variant of the Nano family."
"921","2020-04-03","internetbasiert","PS5: Gerüchte sprechen von massiven Hitzeproblemen - Droht eine Verschiebung der Konsole?. play3.de – PS5 & PS4 News – Tests, Vorschauen, Videos, 2020-04-03","https://www.play3.de/2020/04/03/ps5-geruechte-sprechen-von-massiven-hitzeproblemen-droht-eine-verschiebung-der-konsole/","Nicht alle, aber manche varianten haben diese."
"922","2020-01-01","internetbasiert","Der Variant kommt von Dortmund nach Lübbecke.. vw-411.de, 2020-01-01","http://vw-411.de/VW-411-LE-Variant/2000-Ankunft/","Danach muss der Variant auf Dauer stillgelegt worden sein; denn bereits 1998 stand er teilzerlegt zum Verkauf bei der Firma Rudat in Wetter."
"923","2018-01-01","internetbasiert","AXA Fold Test – Faltschloss in 85 und 100 cm Länge. Fahrradmagazin, 2018-01-01","https://www.fahrradmagazin.at/testberichte/axa-fold-test/","Eine 85 cm lange variante, eine mit 100 cm und dazu noch eine 100 cm pro Version."
"924","2018-02-20","internetbasiert","Excel VBA – Wie Sie beliebiges Datum in einer Liste finden. Denis Reis, 2018-02-20","https://www.denisreis.com/excel-vba-beliebiges-datum-in-einer-liste-finden/","Sub BeliebigesDatumFinden() Dim rngZelle As Range Dim varTag As Variant Do 'Eingabedialog varTag = Application.InputBox _ (""Bitte Tageszahl des aktuellen Monats eingeben."", _ ""Gesuchtes Datum"", 1, , , , , 1)"
"925","2020-01-01","internetbasiert","85 Jahre. heisel.de, 2020-01-01","https://www.heisel.de/85jahre/","Der neue Passat Variant ist aber noch so viel mehr als das: Denn sein Job ist es, Ihren Job leichter zu machen."
"926","2019-07-03","internetbasiert","Tesla meldet neue Rekorde, 95.200 ausgelieferte Elektroautos in Q2 2019. ecomento.de, 2019-07-03","https://ecomento.de/2019/07/03/tesla-q2-2019-rekorde-95200-ausgelieferte-elektroautos/","Den SR Variant wird fast nicht verkauft."
"927","2020-08-19","internetbasiert","Nähanleitung Basicshirt Anna. Schnittmuster Berlin, 2020-08-19","https://schnittmuster-berlin.de/blogs/nahanleitungen/nahanleitung-basicshirt-anna","For variant 2, the ribbon must be shortened and stretched and stitched to the neckline so that the tape fits smoothly around the neck and does not stick out."
"928","2018-08-15","internetbasiert","Variant 45-154 von Hanse Haus | Fertighaus.de. Fertighaus.de, 2018-08-15","https://www.fertighaus.de/haeuser/hanse-variant45154/","Gestalten Sie das Variant 45-154 so bunt und abwechslungsreich wie Ihr Leben."
"929","2019-03-01","internetbasiert","Ungewöhnliche Zeit-Werte anpassen. excel-ist-sexy.de, 2019-03-01","https://www.excel-ist-sexy.de/ungewoehnliche-zeit-werte-anpassen/","As Date Dim Erfassung As Variant Dim Stunden As Variant, Minuten As Variant 'Datentyp Variant, um Variablen einzusparen (kaum Zeitverlust) Erfassung = Format(Zelle.Value, ""0.00"")"
"930","2018-09-17","internetbasiert","#0829 [Session-Life] Comic Loots von 04.2018 – 08.2018. Pulchritudinous, 2018-09-17","https://www.pulchi.de/2018/09/0829-session-life-comic-loots-von-04-2018-08-2018/","Wonder Woman 5: Kinder Der Götter – Variant"
"931","2019-01-01","internetbasiert","Original Aluminium Felge VW | Top-Preis: 1.104,90 €. Top-Preis: 1.104,90 €, 2019-01-01","https://www.basenio.de/guenstig-kaufen/original-aluminium-felge-vw-57193/_golf-7/","[...] 135 KW, 184 PS VW Golf VII Variant 2015/03-2019/12 BA5 2.0 R 4motion 1984 ccm, 206 KW, 280 PS VW Golf VII Variant 2015/03-2019/12 BA5 2.0 R 4motion 1984 ccm, 221 KW, 300 PS VW Golf VII Variant 2016/09-2019/12 BA5 2.0 R 360S 4motion 1984 ccm, 265 KW, 360 PS VW Golf VII Variant 2013/04-2019/12 BA5 2.0 TDI 1968 ccm, 110 KW, 150 PS VW Golf VII Variant 2013/05-2019/12 BA5 2.0 TDI 1968 ccm, 81 KW, 110 PS VW Golf VII Variant 2013/04-2019/12 BA5 2.0 TDI 4motion 1968 ccm, 110 KW, 150 PS VW Golf VII Variant 2013/05-2019/12 BA5, BV5 1.4 TSI 1395 ccm, 103 KW, 140 PS VW Golf VII Variant 2017/04-2019/12 BA5, BV5 1.5 TSI 1498 ccm, 110 KW, 150 PS VW Golf VII Variant 2017/01-2019/12 BA5, BV5 1.0 TSI 999 ccm, 63 KW, 86 PS VW Golf VII Variant 2016/11-2019/12 BA5, BV5 2.0 GTD 1968 ccm, 130 KW, 177 PS VW Golf VII Variant 2016/12-2019/12 BA5, BV5 [...]"
"932","2020-01-01","internetbasiert","Matador MPS 400 Variant All Weather 2 215/65 R15 10 T. Autoreifenfinder, 2020-01-01","https://www.autoreifenfinder.ch/matador/mps-400-variant-all-weather-2/215-65-r15-10t-105324/","Bewerten Sie die Matador MPS 400 Variant All Weather 2"
"933","2018-09-17","internetbasiert","#0829 [Session-Life] Comic Loots von 04.2018 – 08.2018. Pulchritudinous, 2018-09-17","https://www.pulchi.de/2018/09/0829-session-life-comic-loots-von-04-2018-08-2018/","10,00 EUR Preis Variant 2:"
"934","2018-04-10","internetbasiert","Zähne weißer II Der Weg zu schönen Zähnen (2020). Zahnarzt Dinkelsbühl, 2018-04-10","https://ihre-zahnaerzte.org/zaehne-weisser/","Nicht oder Ölziehen sich mundhygiene mit philips variante oder zähne."
"935","2018-02-20","internetbasiert","Deadpool (All New 2016) 20, 4,99 €. Deadpool (All New 2016) 20, 4,99 €, 2018-02-20","https://www.merchfox.at/Deadpool-All-New-2016-20","Heft Variantcover: kein Variant Erstveröffentlichung: 20.02.2018 Seiten: 68 Autor/en:"
"936","2020-08-02","internetbasiert","kurzstreckensender+empfänger 5-10m (möglichst klein) Ersatzteilversand. forum.electronicwerkstatt.de, 2020-08-02","https://forum.electronicwerkstatt.de/phpBB/Funktechnik/kurzstreckensender_empfaenger_5_10m_moeglichst_klein-t18292f18_bs0.html","die ir variante gefallt mir da noch besser obwohl auch nicht perfekt. ein eigenbau sender würde mich schon reizen. aber wenn jemand vorschläge für eine ir fb hat nur raus damit."
"937","2020-10-14","internetbasiert","Schutzmatte VOLKSWAGEN Golf VIII ab 2020. vmaxx.de, 2020-10-14","https://www.vmaxx.de/schutzmatte/vw-golf-viii","HINWEIS: Kofferraumwanne für VOLKSWAGEN Golf VIII Variant ab Bj. 2020 mir tiefem Ladeboden, Ladekante ca. 16 cm"
"938","2020-01-01","internetbasiert","33-200. isover.ch, 2020-01-01","https://www.isover.ch/de/solutions/33-200","Description Unité 1 Unité 2 Variant 1 Variant 2 Variant 3 Variant 4 Variant 5 Variant 6 Zementestrich d [mm] 50 PS 81 d [mm] 20 UNIROLL 035 d [mm] 180 Wärmeschutz im Sommer Wärmespeicherfähigkeit (mit Rsi) κi,oben [Wh/m2 K)] 13 Wärmespeicherfähigkeit (mit Rsi) κi,unten [Wh/m2 K)] 3 Schalldämmung Bewertetes Schalldämm-Mass Rw [dB] 62 Spektrum-Anpassungswerte (C;Ctr)"
"939","2020-07-29","internetbasiert","PARADOR Klick-Vinylboden massiv Basic 4.3 Eiche Variant geschliffen gebürstete struktur Stabmix. Holz-Richter GmbH, 2020-07-29","https://www.casando.de/parador-klick-vinylboden-massiv-basic-4-3-eiche-variant-geschliffen-gebuerstete-struktur-stabmix-34965728-produkt/","PARADOR Klick-Vinylboden massiv Basic 4.3 Eiche Variant geschliffen gebürstete struktur Stabmix 1209 x 219 x 4,3 mm, NKL 23/31 1209 x 219 x 4,3 mm, NKL 23/31"
"940","2020-01-01","internetbasiert","Baugruppen. RMM Metallbearbeitung GmbH, 2020-01-01","https://www.rmm-metallbearbeitung.de/produktpalette/baugruppen/","[...]333333″ icon=“none“ icon_size=““ btn_icon_pos=“ubtn-sep-icon-right-rev“ btn_border_style=“solid“ btn_color_border=“#ffffff“ btn_color_border_hover=“#ffffff“ btn_border_size=“2″ btn_radius=“2″ btn_font_style=“font-weight:700;“ css_adv_btn=“.vc_custom_1572949728024{margin-top: 0px !important;margin-bottom: 0px !important;padding-top: 0px !important;padding-bottom: 0px !important;}“ btn_font_size=“desktop:18px;“ btn_line_height=“desktop:28px;“ btn_font_family=“font_family:Roboto|font_call:Roboto|variant:700″][/vc_column][/vc_row] [...]"
"941","2019-10-19","internetbasiert","In Immobilien investieren als digitaler Nomade - macht das Sinn? – Der Finanzfisch. Der Finanzfisch, 2019-10-19","https://der-finanzfisch.de/immobilien-investieren-digitaler-nomade/","Allerdings hat diese Variant den unschätzbaren Vorteil, dass das Investment quasi passiv ist."
"942","2020-07-20","internetbasiert","Nu mal Butter bei die Fische!! Der Musikthread! Was hört ihr grade?? Teil 2 Seite 173 Ersatzteilversand. forum.electronicwerkstatt.de, 2020-07-20","https://forum.electronicwerkstatt.de/phpBB/Off_Topic/nu_mal_butter_bei_die_fische_der_musikthread_was_hoert_ihr_grade_teil_2-t58783f14_bs2580.html","<<<<-----; Passat B3 (schade, dass wir unseren damaligen nicht mehr hatten... der nachfolgende 3er-Golf Variant (Joker) kam da vom Aussehen nicht mehr ran, der war viel banaler"
"943","2018-06-01","internetbasiert","Alle Grundrisse auf einen Blick: Bestellen Sie unseren Hauskatalog. Hanse Haus, 2018-06-01","https://www.hanse-haus.ch/de/architektur/haus-grundrisse/einfamilienhaus-grundrisse/","[...] Grundrisse Variant 35-161 161 m² Grundfläche | Planungsoptionen mit Wintergarten, Haustürvordach und Büroanbau Grundrisse Variant 35-172 172 m² Grundfläche | Planungsoptionen mit Zwerchgiebel, überdachtem Freisitz, Garage und Kellerersatzraum Grundrisse Variant 35-173 173 m² Grundfläche | Planungsoptionen mit überdachtem Terrassenbereich, Windfang und Büro oder Garagenanbau Grundrisse Villa 177 197 m² Grundfläche | Planungsoptionen mit überdachtem Freisitz, Küchenanbau und Carport Grundrisse Villa 178 228 m² Grundfläche | Planungsoptionen mit Teilunterkellerung, überdachtem Freisitz und vergrößertem Wohnbereich Grundrisse Villa 183 183 m² Grundfläche | Planungsoptionen mit Windfang und Luftraum über dem Essbereich Bei der Planung eines Einfamilienhaus Grundrisses [...]"
"944","2020-01-01","internetbasiert","21-300. isover.ch, 2020-01-01","https://www.isover.ch/de/solutions/21-300","Description Unité 1 Unité 2 Variant 1 Variant 2 Variant 3 Variant 4 Variant 5 Variant 6 PB F 030 d [mm] 60 60 80 100 120 140 PB F 030 d [mm] 60 80 100 100 120 140 Wärmeschutz im Winter und Sommer * * ** ** *** *** Wärmedurchgangskoeffizient:"
"945","2020-01-01","internetbasiert","Entdecken Sie den VW Passat Variant GTE im Volkswagen Zentrum Pillenstein an der Stadtgrenze Nürnberg/Fürth. ✅Neu- und ✅Gebrauchtwagen ✅kaufen / ✅leasen. Jetzt Probefahrt vereinbaren!. https://www.pillenstein.de/, 2020-01-01","https://www.pillenstein.de/autos/vw-pkw/neuwagen/passat-variant-gte/","Durch die rein elektrischen Reichweite von rund 55 km – gemessen im neuen, praxisnahen WLTP-Verfahren (70 km unter NEFZ) – zeigt Ihr neuer Passat GTE Variant deutlich, dass effiziente Mobilität dank Plug-in-Hybrid-Technologie kein Konzept der Zukunft mehr ist."
"946","2019-05-03","internetbasiert","Vitiligo (Weißfleckenkrankheit) von A-Z | Medumio. Medumio, 2019-05-03","https://www.medumio.de/vitiligo/","„Early-Onset Autoimmune Vitiligo Associated with an Enhancer Variant Haplotype That Upregulates Class Ii Hla Expression.“"
"947","2018-06-01","internetbasiert","Fertighaus Variant 275 | HANSE HAUS. Hanse Haus, 2018-06-01","https://www.hanse-haus.ch/de/architektur/haeuser/haus/variant-275/","Im Hanse Haus Variant 275 viel Platz für die ganze Familie finden"
"948","2020-01-01","internetbasiert","Unsinn Hochlader Anhänger UHL 175x426cm 2,6|14Zoll. Koch Anhängerwerke, 2020-01-01","https://www.kochanhaengerwerke.de/hochlader/hochlader-pritsche/unsinn-hochlader-anhaenger-uhl-175x426cm-2-6-14zoll","Variant Hochlader Anhänger 3521 P5 | 205x515cm 3,5t | Pro-Line"
"949","2020-07-30","internetbasiert","Blogheim.at | Blogothek - Aktuelle Blogbeiträge. Blogheim.at, 2020-07-30","https://www.blogheim.at/blogothek?seite=95&suche=Reise","mayonnaise verbindet man klassisch mit viel fett, viel ei und grade im sommer eher mit „too much“. doch meine vegane variante ist viel leichter, kommt natürlich vollständig ohne ei aus…The postLeichte vegane Sommer Mayonnaiseappear... GrundrezepteVegan Eats"
"950","2020-01-01","internetbasiert","Jackpots in a Flash Casino Test – Meine Erfahrungen. serioeseonlinecasinos.org, 2020-01-01","https://www.serioeseonlinecasinos.org/jackpots-in-a-flash/","[...] Software Hersteller SkillOnNet Spielangebot 402 Spielautomaten, 7 Roulette Versionen, 43 Blackjack varianten, 59 Video Poker Spiele, 21 Tischspiele Besondere Spiele Dark Knight Rises, Multi Wheel Roulette Gold, 3 Card Poker Mindestanforderung 512mb RAM, 4gb free hard disk 1,5 GHz Pentium 4; 1024×768, 16-bit colours; 32mb RAM video memory, 56 kbit/s Kompatibilität Windows XP or hoher Live Games Roulette, Blackjack, Baccarat, Casino Holdem Software Awards: Digital Product of the Year 2014, Innovation in RNG Casino Software 2013, RNG Casino Supplier of the Year 2010 und 2012 und viele mehr [...]"
"951","2019-10-10","internetbasiert","FS242 Speed Dating for Scientists. Freak Show, 2019-10-10","https://freakshow.fm/fs242-speed-dating-for-scientists","Doch es ist präziser finde ich weil du halt bei komplexen worten und da wiederum funktioniert das mit dem wetter,relativ gut also es ist natürlich im deutschen immer schwierig bei den zusammengesetzten wort weil man denkt ja die ganze zeit irgendwas neues ausroboter staubsauger roboter saurer saugt roboter lalala wir haben irgendwie alles fünfzig verschiedene varianten über das bauen können,das muss halt jetzt erstmal rein aber ich habe relativ gute ergebnisse erzielt mit seiner."
"952","2019-03-24","internetbasiert","Programmier Tutorial: Apps für Android entwickeln – Teil 14: Mit Debugging Programmfehler im Quellcode finden. Mit Debugging Programmfehler im Quellcode finden in Android Studio, 2019-03-24","https://www.programmierenlernenhq.de/tutorial-android-debugging-mit-android-studio/","Immer wenn eine neues Projekt in Android Studio erstellt wird, wird für das mit erstellte Modul (bei uns das Modul app) jeweils ein Debug Build Variant und ein Release Build Variant angelegt."
"953","2020-01-01","internetbasiert","Der Anfang - typ3family.de. typ3family.de, 2020-01-01","https://www.mytyp3.de/dolf/der-anfang.html","Was denn für ein Variant?"
"954","2019-04-15","internetbasiert","Galaxy Note 10 - mehrere Modell-Varianten werden wahrscheinlicher. Testberichte, News, Tablets & Smartphones, 2019-04-15","https://www.appdated.de/2019/04/galaxy-note-10-setzt-samsung-auf-verschiedene-versionen/","It’s possible that this might be the 5G variant of the next Galaxy Note."
"955","2019-01-01","internetbasiert","Original Aluminium Felge VW | Top-Preis: 1.104,90 €. Top-Preis: 1.104,90 €, 2019-01-01","https://www.basenio.de/guenstig-kaufen/original-aluminium-felge-vw-57193/_golf-7/","[...] 206 KW, 280 PS VW Golf VII Variant 2015/03-2019/12 BA5 2.0 R 4motion 1984 ccm, 221 KW, 300 PS VW Golf VII Variant 2016/09-2019/12 BA5 2.0 R 360S 4motion 1984 ccm, 265 KW, 360 PS VW Golf VII Variant 2013/04-2019/12 BA5 2.0 TDI 1968 ccm, 110 KW, 150 PS VW Golf VII Variant 2013/05-2019/12 BA5 2.0 TDI 1968 ccm, 81 KW, 110 PS VW Golf VII Variant 2013/04-2019/12 BA5 2.0 TDI 4motion 1968 ccm, 110 KW, 150 PS VW Golf VII Variant 2013/05-2019/12 BA5, BV5 1.4 TSI 1395 ccm, 103 KW, 140 PS VW Golf VII Variant 2017/04-2019/12 BA5, BV5 1.5 TSI 1498 ccm, 110 KW, 150 PS VW Golf VII Variant 2017/01-2019/12 BA5, BV5 1.0 TSI 999 ccm, 63 KW, 86 PS VW Golf VII Variant 2016/11-2019/12 BA5, BV5 2.0 GTD 1968 ccm, 130 KW, 177 PS VW Golf VII Variant 2016/12-2019/12 BA5, BV5 2.0 R 4motion 1984 ccm, 213 KW, 290 PS VW Golf VII Variant 2016/12-2019/12 BA5 [...]"
"956","2018-01-01","internetbasiert","Ein Shooter nach Scribblenauts. Videospielkultur.de, 2018-01-01","https://www.videospielkultur.de/news/ein-shooter-nach-scribblenauts/","So werdet ihr die Wahl zwischen den Paladin und den Variant haben."
"957","2018-01-29","internetbasiert","VW Golf 7 R Direktimport - Grösste Auswahl der Schweiz. Auto Welt von Rotz, 2018-01-29","https://www.vonrotz.ch/vw-golf-7-r-direktimport/","Als 2- und 4- Türer sowie als geräumiger VW Golf 7 R Variant."
"958","2018-11-18","internetbasiert","kochen mit bier: coffee-chocolate-chili con schlenkerla (mit fleisch sowie vegetarisch der hammer :)). Hopfenmädchen, 2018-11-18","https://hopfenmaedchen.com/2018/11/18/kochen-mit-bier-coffee-chocolate-chili-con-schlenkerla-mit-fleisch-sowie-vegetarisch-der-hammer/","das aroma ist gerade bei der vegetarischen variante great!)"
"959","2018-12-19","internetbasiert","IoT-Nanosatellit erfolgreich gestartet. 0800hardware.de, 2018-12-19","http://0800hardware.de/iot-nanosatellit-erfolgreich-gestartet/","The ease of use of a Nano board with the addition of secure IoT and BT connectivity Small (45mm x 18mm), robust and powerful board; 3.3V variant of the Nano family."
"960","2019-03-27","internetbasiert","Seat und Volkswagen entwickeln Plattform für erschwingliche Elektroauto-Kleinwagen. ecomento.de, 2019-03-27","https://ecomento.de/2019/03/27/seat-elektroauto-plattform-meb-erschwingliche-kleinwagen/","„Folglich werden zu wenige der teuren varianten verkauft um die produktion auszulasten.“"
"961","2019-12-09","internetbasiert","Magnetangeln Handschuhe Winter online kaufen - Wasserdicht - Grip. Magnetangeln & Magnetfischen, 2019-12-09","https://www.magnetarshop.de/bergemagnet/magnetangeln-handschuhe-winter/","Erhältlich im ‘‘All Season‘‘ variant"
"962","2020-12-03","internetbasiert","Columbus Serie - Autohome. Autohome, 2020-12-03","https://autohome.at/produkte/columbus-serie/","Auf Wunsch verfügt die Columbus-Reihe Variant Small und Medium über längere Ausführungen: X-Long (L=230 cm)."
"963","2018-11-19","internetbasiert","WebNMS und Cyient verbünden sich, um innovatives IoT-gestütztes Tower Operations Center (TOC) zu errichten. 0800hardware.de, 2018-11-19","http://0800hardware.de/webnms-und-cyient-verbuenden-sich-um-innovatives-iot-gestuetztes-tower-operations-center-toc-zu-errichten/","Small (45mm x 18mm), robust and powerful board; 3.3V variant of the Nano family."
"964","2018-02-09","internetbasiert","| Chindonne/Les Jeurs - Mex. Le tour des Dents-du-Midi, 2018-02-09","https://www.dentsdumidi.ch/de/strecke/chindonne-les-jeurs-mex-2/","Variante : l'Aiguille de Mex (1866m)"
"965","2019-11-02","internetbasiert","Smartphone mit Dual Apps. Kay Gottschalk Webentwicklung, 2019-11-02","https://www.nerdsheaven.de/anfrage/smartphone-mit-dual-apps/","Hatte als erstes das redmi 4x , danach das MI A2 lite und jetzt ein redmi 7 , der eingefleischte ahnt es wahrscheinlich schon das MI A2 lite hat ja nur das Stock (“normale”) Android gehabt whatsapp lief/ging da nur zu verdoppel mit extra apps wie parallel-space und trotz das ich die kostenpflichtige variante hatte war das sackgang ,dauerte einfach zulang."
"966","2019-07-04","internetbasiert","All for One Group AG stärkt Industrial IoT Expertise und übernimmt den Sensor to Cloud-Spezialisten CDE. 0800hardware.de, 2019-07-04","http://0800hardware.de/all-for-one-group-ag-staerkt-industrial-iot-expertise-und-uebernimmt-den-sensor-to-cloud-spezialisten-cde/","Small (45mm x 18mm), robust and powerful board; 3.3V variant of the Nano family."
"967","2020-05-14","internetbasiert","Nordvpn kann meinen Drucker nicht anschließen – Nordvpn | 2 Monate lang getestet. Bester VPN-Vergleicher, 2020-05-14","http://minecraftopia.de/nordvpn-kann-meinen-drucker-nicht-anschliesen-nordvpn-2-monate-lang-getestet/","Per sms und schnelle variante, allen europäischen und vpn-gateways."
"968","2018-09-06","internetbasiert","Passat Variant | Volkswagen Modelle | Autohaus Holzberg. Autohaus Holzberg, 2018-09-06","https://www.autohaus-holzberg.de/unsere-modelle/volkswagen-passat-variant/","Für diese Kombination steht der Passat Variant."
"969","2018-09-24","internetbasiert","grizzly snacks – beef jerky: mega schmackhafter (bier)snack! <3. Hopfenmädchen, 2018-09-24","https://hopfenmaedchen.com/2018/09/24/grizzly-snacks-beef-jerky-mega-schmackhafter-biersnack-3-holt-euch-bis-zum-24-10-18-einen-hopfenmaedchen-rabatt-von-10/","bei grizzly snacks wird deutsches weiderindfleisch verwendet, welches mit natürlichen zutaten gewürzt und mariniert wird. konservierungsstoffe, geschmacksverstärker oder andere zusätze gibts hier nicht. das tolle an beef jerky: es ist proteinreich und fettarm. das mega tolle an beef jerky von grizzly snacks: es ist unglaublich geschmackvoll!!! ich habe mir zwei verschiedene supermarkt-varianten zum vergleich geholt und kann euch sagen: die grizzly snacks – variante kann alles!"
"970","2018-04-10","internetbasiert","Running Order online - Kaltenbach Open Air. Kaltenbach Open Air, 2018-04-10","https://kaltenbach-openair.at/de/2018/04/10/running-order-online-2/","Eine Variante in schwarz/weiß ist hier als Download erhältlich: www.kaltenbach-openair.at/downloads/KOA-Running-Order-2018.pdf"
"971","2019-09-25","internetbasiert","? Dieselskandal 2020 – Jetzt Schadenersatz erhalten!. Abgasskandal VW, 2019-09-25","https://meine-rechte-im-abgasskandal-vw-schaden.de/dieselskandal/","VW Golf VII 1.6 TDI Variant (Euro 6)"
"972","2020-08-01","internetbasiert","KFZ-Steuer VW Passat. repareo.de, 2020-08-01","https://www.repareo.de/kfz-steuer-vw-passat/","Mit dem modernen Diesel, seiner reichhaltigen Ausstattung und seinem Willen zum Spritsparen schaffte der Variant den Weg zum guten Gesamtpaket."
"973","2018-07-03","internetbasiert","Piston/Kolben Rider Necklace. classychoice.de, 2018-07-03","https://classychoice.de/products/piston-kolben-rider-necklace","This variant is currently sold out"
"974","2019-06-17","internetbasiert","LG W10 - Bilder der neuen W-Serie von LG geleakt. Testberichte, News, Tablets & Smartphones, 2019-06-17","https://www.appdated.de/2019/06/lg-w10-bilder-der-neuen-w-serie-von-lg-geleakt/","Now, 91mobiles has learnt the name as well as indicative pricing of the base variant in the upcoming W series, accompanied by a live image of the base model in the series that reveals its key design details."
"975","2018-05-31","internetbasiert","VW Golf Variant: Zuverlässigkeit und Erfolg seit 1993. Auto-Kombi, 2018-05-31","https://www.kombi.de/vw-golf-variant/","Die erste Generation: Golf III Variant (1993 bis 1999)"
"976","2020-01-01","internetbasiert","Serienfertigung - Typ3.de. Typ3.de, 2020-01-01","https://www.typ3.de/serienfertigung.html","Vorgestellt wurde der erste VW mit Pontonkarosserie im Herbst 1961 als ,VW 1500' in den Ausführungen Limousine, Variant (= Kombi-Limousine) und Cabriolet."
"977","2020-01-31","internetbasiert","Ich spreche Deutsch: Komma nach Gefühl? - Kompakt Media | wirsindmd | Kompakt Zeitung | WSM - Wir sind Magdeburg. Kompakt Media | wirsindmd | Kompakt Zeitung | WSM - Wir sind Magdeburg, 2020-01-31","https://www.kompakt.media/ich-spreche-deutsch-komma-nach-gefuehl/","Variante 1: „Казнить, нельзя помиловать!“."
"978","2020-09-23","internetbasiert","DER WELTKRIEG mit todbringenden manipulierten Viren geht in die zweite Phase. Conservo, 2020-09-23","https://conservo.wordpress.com/2020/09/23/der-weltkrieg-mit-todbringenden-manipulierten-viren-geht-in-die-zweite-phase/","A SARS-CoV-2 variant carrying the Spike protein amino acid change D614G has become the most prevalent form in the global pandemic."
"979","2019-06-05","internetbasiert","Klinische FragestellungLeukenzephalopathie mit Hirnstamm-, Rückenmarksbeteiligung + Laktaterhöhung; Differentialdiagnose. Amedes Genetics, 2019-06-05","https://www.amedes-genetics.de/krankheiten/krankheit/detail/leukenzephalopathie-mit-hirnstamm-rueckenmarksbeteiligung-laktaterhoehung-differentialdiagnose.html","Ceroid lipofuscinosis, neuronal, 8, Northern epilepsy variant (CLN8)"
"980","2019-03-15","internetbasiert","Tesla enthüllt Kompakt-SUV Model Y: Bis zu 540 km Reichweite, Standardversion ab 2022. ecomento.de, 2019-03-15","https://ecomento.de/2019/03/15/tesla-model-y-reichweite-preis-start/","Interessant wird es wenn die geschätzt 200.000 SR in 40 wochen gebaut sind und auch die bestellungen für diese variante starkt zurückgehen werden."
"981","2020-01-01","internetbasiert","Know-how. RMM Metallbearbeitung GmbH, 2020-01-01","https://www.rmm-metallbearbeitung.de/know-how/","[...]“#ffffff“ btn1_text_color=“#ffffff“ btn1_text_hovercolor=“#333333″ btn2_text_color=“#ffffff“ btn2_text_hovercolor=“#333333″ title_font_size=“desktop:18px;“ title_line_ht=“desktop:28px;“ btn_border_radius=“2″ btn1_heading_style=“font-weight:700;“ btn2_heading_style=“font-weight:700;“ css_dualbtn_design=“.vc_custom_1581678130098{margin-top: 0px !important;margin-bottom: 0px !important;padding-top: 0px !important;padding-bottom: 0px !important;}“ btn_width=“250″ btn1_font_family=“font_family:Roboto|font_call:Roboto|variant:700″ btn2_font_family=“font_family:Roboto|font_call:Roboto|variant:700″][/vc_column][/vc_row][vc_row equal_height=“yes“ bg_type=“bg_color“ bg_override=“full“ css=“.vc_custom_1572950423405{border-top-width: 50px !important;padding-bottom: 50px !important;}“][vc_column][vc_column_text css=“.vc_custom_1581677490237{margin-top: 30px !important;}“]Mehr als 1.000 m2 Produktionsfläche mit modernstem Maschinenpark und 20 qualifizierten Fachkräften machen uns somit zu einem produktiven und zuverlässigen Partner. [...]"
"982","2020-01-10","internetbasiert","VW Golf 3 Ersatzteile kaufen [Liste von seriösen Shops]. 100pro-ersatzteile.de, 2020-01-10","https://www.100pro-ersatzteile.de/vw-golf-3/","Im Jahr 1993 gab es den ersten Golf Variant sowie das 2.Modell Golf Cabriolet."
"983","2020-01-01","internetbasiert","VW Passat Variant: Vereint Innovation & Komfort. Volkswagen Österreich, 2020-01-01","https://www.volkswagen.at/service-zubehoer/vorgaengermodelle/passat-variant","Der Passat Variant ist mit dem 2.0 Liter BiTurbomotor mit 176 kW (240 PS)"
"984","2020-01-01","internetbasiert","Der Passat Variant: So souverän wie Sie. heisel.de, 2020-01-01","https://www.heisel.de/der-neue-passat-variant-so-souveraen-wie-sie/","So souverän wie Sie Der Passat Variant – so souverän wie Sie."
"985","2019-10-07","internetbasiert","Eibach ProKit Federn |30mm| VW Golf 7 Variant 1.2TSI 1.4TSI 1.5TSI |Starrachse| E10-79-010-03-22 - FEDERNWERK | Tieferlegungsfedern und Fahrwerke | Eibach-Fahrwerktechnik. Eibach ProKit Federn |30mm| VW Golf 7 Variant 1.2TSI 1.4TSI 1.5TSI |Starrachse| E...","https://www.federn-werk.de/p/eibach-prokit-federn-oder-30mm-oder-vw-golf-7-variant-1-2tsi-1-4tsi-1-5tsi-oder-starrachse-oder-e10-79-010-03-22","Eibach ProKit Federn |30mm| VW Golf 7 Variant 1.2TSI 1.4TSI 1.5TSI |Starrachse| E10-79-010-03-22"
"986","2019-07-18","internetbasiert","EU-Standard soll die Sicherheit von IoT-Geräten erhöhen. 0800hardware.de, 2019-07-18","http://0800hardware.de/eu-standard-soll-die-sicherheit-von-iot-geraeten-erhoehen/","The ease of use of a Nano board with the addition of secure IoT and BT connectivity Small (45mm x 18mm), robust and powerful board; 3.3V variant of the Nano family."
"987","2018-05-02","internetbasiert","McAfee und Siemens gemeinsam gegen IoT-Bedrohungen: »In der Industrie gibt es Systeme, die nicht mal mehr der Hersteller unterstützt«. 0800hardware.de, 2018-05-02","http://0800hardware.de/mcafee-und-siemens-gemeinsam-gegen-iot-bedrohungen-in-der-industrie-gibt-es-systeme-die-nicht-mal-mehr-der-hersteller-unterstuetzt/","The ease of use of a Nano board with the addition of secure IoT and BT connectivity Small (45mm x 18mm), robust and powerful board; 3.3V variant of the Nano family."
"988","2019-06-02","internetbasiert","GTI-Treffen 2019: Jeffery Li wurde zum Star - Chinese reiste 10.000 km mit getuntem Passat an - oe24.at. Oe24 Gmbh, 2019-06-02","https://auto.oe24.at/news/gti-treffen-2019-jeffery-li-wurde-zum-star-chinese-reiste-10-000-km-mit-getuntem-passat-an/382642875","Der junge Chinese reiste mit seinem getunten Passat Variant aus der Hafenstadt Guangzhou an."
"989","2019-01-31","internetbasiert","Behörde will sich in private IoT-Geräte hacken. 0800hardware.de, 2019-01-31","http://0800hardware.de/behoerde-will-sich-in-private-iot-geraete-hacken/","The ease of use of a Nano board with the addition of secure IoT and BT connectivity Small (45mm x 18mm), robust and powerful board; 3.3V variant of the Nano family."
"990","2019-11-03","internetbasiert","Viren - IRC-Mania.de. IRC-Mania.de, 2019-11-03","https://www.irc-mania.de/viren/","Damaged.Family.Variant <Quelle – Bitdefender> Fehlerhafter Virus."
"991","2019-07-28","internetbasiert","GRAPHIC NOVEL „GEVATTER“ - Glücklicher Montag. Glücklicher Montag, 2019-07-28","https://gluecklicher-montag.de/graphic-novel-gevatter/","Das auf 100 Stück limitierte Variant Cover erschuf Ingo Römling (Malcolm Max, Star Wars)."
"992","2020-01-01","internetbasiert","Notentriegelung Kofferraumhaube. vw-411.de, 2020-01-01","http://vw-411.de/Tipps-und-Tricks-in-Wort-und-Bild/Notentriegelung-Kofferraumhaube/","Genau das ist mir mal bei meinem VW 412 Variant passiert."
"993","2020-01-01","internetbasiert","Ifor Williams Baumaschinenanhänger GX105 157x303 2,7t|Auffahrschienen. Koch Anhängerwerke, 2020-01-01","https://www.kochanhaengerwerke.de/angebote/ifor-williams-baumaschinenanhaenger-gx105-157x303-2-7t-auffahrschienen","Variant Hochlader Anhänger 3521 P5 | 205x515cm 3,5t | Pro-Line"
"994","2018-04-10","internetbasiert","Zahnfüllung: Welches Material ist für den Zahnersatz geeignet? (2020). Zahnarzt Dinkelsbühl, 2018-04-10","https://ihre-zahnaerzte.org/zahnfuellung/","Nicht mit zement patienten gesetzlichen heilpflanzen oder variante."
"995","2018-03-30","internetbasiert","IoT in der Praxis: Smart Rail. 0800hardware.de, 2018-03-30","http://0800hardware.de/iot-in-der-praxis-smart-rail/","Small (45mm x 18mm), robust and powerful board; 3.3V variant of the Nano family."
"996","2020-01-01","internetbasiert","11-400. isover.ch, 2020-01-01","https://www.isover.ch/de/solutions/11-400","Description Unité 1 Unité 2 Variant 1 Variant 2 Variant 3 Variant 4 Variant 5 Variant 6 ISOCONFORT 032 PR d [mm] 160 160 180 180 200 240 PB M 030 d [mm] 40 60 60 80 100 140 Wärmeschutz im Winter und Sommer ** ** ** *** *** **** Wärmedurchgangskoeffizient:"
"997","2020-10-12","internetbasiert","Vorsicht Falle: Great Barrington Declaration. Schariagegner, 2020-10-12","https://schariagegner.wordpress.com/2020/10/12/vorsicht-falle-great-barrington-declaration/","Devant la progression du variant Delta et le risque d’une quatrième vague, le chef de l’état a annoncé que le passe sanitaire serait étendu."
"998","2020-01-01","internetbasiert","Pongratz Heckkipper PK 2500 151x260cm 2,5t|Elektro|BWA. Koch Anhängerwerke, 2020-01-01","https://www.kochanhaengerwerke.de/kipper/rueckwaertskipper/pongratz-heckkipper-pk-2500-151x260cm-2-5t-elektro-bwa","Variant Heckkipper Variant 168x320cm 2,7t | E-Pumpe | Rampen | Aktion"
"999","2020-01-01","internetbasiert","Modellgeschichte - Typ3.de. Typ3.de, 2020-01-01","https://www.typ3.de/modellgeschichte-2.html","Auch wurde ein Kombi des Volkswagen Typ 3 1500 gebaut, besser bekannt als Variant."
"1000","2020-08-03","internetbasiert","Variant 3500 U6 | 620x210cm - 3,5t | Kippbarer Multitransporter mit Hochplane & Airlinefront. PKW-Anhänger kaufen bei P+P Anhängercenter | Wohnmobil Vermietung & Anhängervermietung, 2020-08-03","http://www.ppanhaengercenter.com/store/p866/Variant-3500-U6-Plane-Airlinefront.html","Variant 3500 U6 | 620x210cm - 3,5t | Hochplane mit Airlinefront"
"1001","2019-07-26","internetbasiert","In Ears - im Club? zum Produzieren? zum Mischen? - AMAZONA.de. AMAZONA.de, 2019-07-26","https://www.amazona.de/community/in-ears-im-club-zum-produzieren-zum-mischen/","die sennheiser hörer dichten weniger ab als alle anderen die ich zuvor hatte, trotzdem sitzen sie zuverlässig ohne „bleed“ im ohr – wenn ich mein signal nicht allzulaut mache kann ich sogar ein „whoohoo“ hören. vllcht ist das die beste variante. auch könnte ich mit meinem sound devices mixpre3 ein mikro einbinden und auch gleich mit aufnehmen… das hat sich aber als (noch?) nicht sehr praktikabel weil in der hitze des gefechts schwierig einzupegeln herausgestellt."
"1002","2019-04-25","internetbasiert","BW137 - Mau-Mau. Bretterwisser, 2019-04-25","https://bretterwisser.de/bw137/","Ich habe in Neuseeland in den 80ger Jahre „Last Card“ gespielt, das ist eine Mau Mau variante mit dem 52 Karten dickes fransosischen Blatt."
"1003","2019-08-27","internetbasiert","Neuer VW Passat GTE mit 56 E-Kilometern gemäß WLTP bestellbar. ecomento.de, 2019-08-27","https://ecomento.de/2019/08/27/neuer-passat-gte-56-e-kilometer-wltp/","Und ein gleichwertiges Angebot zu einem Passat Variant gibt es aktuell als BEV nicht auf dem Markt."
"1004","2019-05-28","internetbasiert","HYLIFE Kinderautositz ⋆ Jetzt registrieren und sparen ⋆ nachfolger.com. Nachfolger Gmbh, 2019-05-28","https://www.nachfolger.com/hylife/","zwei varianten"
"1005","2018-12-01","internetbasiert","CUSTOM Game. beyerdynamic GmbH & Co. KG, 2018-12-01","https://www.beyerdynamic.ch/custom-game.html","sa2 Solved Variant"
"1006","2019-04-22","internetbasiert","Spielotheken Bayern | Neuen Online casino 2022. schmiede-metallbau-haenel.de, 2019-04-22","http://schmiede-metallbau-haenel.de/spielotheken-bayern/","Variantes du Poker en Live"
"1007","2020-05-05","internetbasiert","Vor dem Autogipfel im Kanzleramt am Dienstag hat der sächsische Ministerpräsident Michael Kretschm. Vor dem Autogipfel im Kanzleramt am Dienstag hat der sächsische Ministerpräsident Michael Kretschm, 2020-05-05","https://www.ad-hoc-news.de/wirtschaft/vor-dem-autogipfel-im-kanzleramt-am-dienstag-hat-der-saechsische/60030702","Im sächsischen Zwickau stellen rund 8.000 Beschäftigte das Elektrofahrzeug ID.3, aber auch den Golf Variant her."
"1008","2018-06-08","internetbasiert","Marvel: Vorschau auf Darth Vader #17 – Jedi-Bibliothek. Jedi-Bibliothek, 2018-06-08","https://jedi-bibliothek.de/2018/06/marvel-vorschau-darth-vader-17/","Es gibt zudem ein Variant von Rod Reis aus der Galactic-Icons-Reihe."
"1009","2020-07-16","internetbasiert","Reparatur. Transistor überprüfen (ausgelötet). Ersatzteilversand, 2020-07-16","https://forum.electronicwerkstatt.de/phpBB/Grundlagen/transistor_ueberpruefen_ausgeloetet-t137456f26_bs0.html","Ich habe jedoch die alte variante"
"1010","2018-02-06","internetbasiert","Motoraufhängung Motorlager Motor Lager Getriebe Audi Seat Skoda VW Golf 4 Beetle. netspares.de, 2018-02-06","https://netspares.de/Auto-Ersatzteile/Motor-Motorteile/Motoraufhaengung-Motorlager-Motor-Lager-Getriebe-Audi-Seat-Skoda-VW-Golf-4-Beetle::3595.html","[...] 66 90 1896 VW GOLF IV (1J1) 1.9 TDI 08.97-05.04 81 110 1896 VW GOLF IV Variant (1J5) 1.4 16V 05.99-06.06 55 75 1390 VW GOLF IV Variant (1J5) 1.6 05.99-04.02 74 101 1595 VW GOLF IV Variant (1J5) 1.6 08.00-06.06 75 102 1595 VW GOLF IV Variant (1J5) 1.6 16V 02.00-06.06 77 105 1598 VW GOLF IV Variant (1J5) 1.8 T 05.00-06.06 110 150 1781 VW GOLF IV Variant (1J5) 2.0 05.99-06.06 85 115 1984 VW GOLF IV Variant (1J5) 2.0 Bi-Fuel 02.02-06.06 85 116 1984 VW GOLF IV Variant (1J5) 1.9 TDI 05.99-05.06 66 90 1896 VW GOLF IV Variant (1J5) 1.9 TDI 05.99-06.01 81 110 1896 VW NEW BEETLE (9C1, 1C1) 1.6 06.00-09.10 75 102 1595 VW NEW BEETLE (9C1, 1C1) 1.8 T 10.99-09.10 110 150 1781 VW NEW BEETLE (9C1, 1C1) 2.0 01.98-09.10 85 115 1984 VW NEW BEETLE (9C1, 1C1) 1.9 TDI 01.98-06.04 66 90 1896 VW NEW BEETLE Cabriolet [...]"
"1011","2019-07-02","internetbasiert","Deutschmann Automation: Neue ARM-basierende Embedded- Modulbaureihe ermöglicht schnelle Kommunikation im IoT-Netzwerk. 0800hardware.de, 2019-07-02","http://0800hardware.de/deutschmann-automation-neue-arm-basierende-embedded-modulbaureihe-ermoeglicht-schnelle-kommunikation-im-iot-netzwerk/","The ease of use of a Nano board with the addition of secure IoT and BT connectivity Small (45mm x 18mm), robust and powerful board; 3.3V variant of the Nano family."
"1012","2020-07-08","internetbasiert","Gitarrenverstärker mit Röhren Seite 3 Ersatzteilversand. forum.electronicwerkstatt.de, 2020-07-08","https://forum.electronicwerkstatt.de/phpBB/Projekte_im_Selbstbau/gitarrenverstaerker_mit_roehren-t4548f34_bs30.html","Hier die andere variante...."
"1013","2019-12-16","internetbasiert","Volkswagen: ""Darum setzen wir auf Elektromobilität"". ecomento.de, 2019-12-16","https://ecomento.de/2019/12/16/darum-setzt-volkswagen-auf-elektromobilitaet/","Und Y kommt frühestens mitte 2021 nach europa und dann auch nur die teuren varianten."
"1014","2020-01-01","internetbasiert","Variant Autotrailer Maxi Load Universal L420 204x420cm 3,0t. Koch Anhängerwerke, 2020-01-01","https://www.kochanhaengerwerke.de/fuer-fahrzeuge/autotrailer/variant-autotrailer-maxi-load-universal-l420-204x420cm-3-0t","Variant Autotrailer Maxi Load Universal L517 Tridem 219x517cm 3,5t"
"1015","2019-04-04","internetbasiert","Yu-Gi-Oh! Duel Power – erschienen!. FUNtainment Berlin Webseite!, 2019-04-04","https://www.funtainmentberlin.store/2019/04/04/yu-gi-oh-duel-power-erschienen/","6 neue Ultra Rare Variant Kunstkarten, die neue Kunstversionen der Haupt monster jeder Yu-Gi-Oh! Anime-Serie (Dunkler Magier, Elementar-HELD Neos, Sternenstaubdrache, Nummer 39: Utopia, Buntäugiger Pendeldrache und Dekodier-Sprecher) und 1 Spielbrett."
"1016","2020-01-01","internetbasiert","Golf GTD Variant Parklenkassistent: Park Assist. Volkswagen Österreich, 2020-01-01","https://www.volkswagen.at/golf-variant/golf-gtd-variant/park-assist","Nur 80 cm Rangierabstand reichen dem optionalen Parklenkassisent ""Park Assist"" und er manövriert Ihren Golf GTD Variant in die Lücke."
"1017","2018-05-03","internetbasiert","Industrial IOT für Bestandsanlagen. 0800hardware.de, 2018-05-03","http://0800hardware.de/industrial-iot-fuer-bestandsanlagen/","Small (45mm x 18mm), robust and powerful board; 3.3V variant of the Nano family."
"1018","2019-05-08","internetbasiert","A1 zeigt, was mit IoT und 5G möglich ist. 0800hardware.de, 2019-05-08","http://0800hardware.de/a1-zeigt-was-mit-iot-und-5g-moeglich-ist/","Small (45mm x 18mm), robust and powerful board; 3.3V variant of the Nano family."
"1019","2018-11-19","internetbasiert","TÜV Rheinland eröffnet IoT-Exzellenzzentrum in Shenzhen. 0800hardware.de, 2018-11-19","http://0800hardware.de/tuev-rheinland-eroeffnet-iot-exzellenzzentrum-in-shenzhen/","Small (45mm x 18mm), robust and powerful board; 3.3V variant of the Nano family."
"1020","2020-12-16","internetbasiert","Hario V60 Glas Dripper 02. Kaffeewerft, 2020-12-16","https://kaffeewerft.de/products/hario-v60-glas-dripper-02","Darüber hinaus kann der Fuss aus Kunststoff abgenommen werden wodurch sich diese variante optimal zur Verwendung in dem Single Arm Stand (VAS-1) und dem Single Stand Olivewood (VSS-1OV) eignet."
"1021","2020-09-09","internetbasiert","VW Golf 8 Variant R-Line Premiere und Golf Alltrack - Autogefühl. Autogefühl, 2020-09-09","https://www.autogefuehl.de/2020/09/09/vw-golf-8-variant-r-line-premiere-und-golf-alltrack/","Wir haben die Details zum neuen VW Golf 8 Variant."
"1022","2019-01-18","internetbasiert","Tesla gibt weiteren Stellenabbau bekannt: ""Extrem schwierige Herausforderung"". ecomento.de, 2019-01-18","https://ecomento.de/2019/01/18/tesla-gibt-weiteren-stellenabbau-bekannt-extrem-schwierige-herausforderung/","Diese teuren varianten habe für mich dauerhaft gesehen eine sehr beschränkte marktchance."
"1023","2020-01-01","internetbasiert","Entdecken Sie den VW Passat Variant im Volkswagen Zentrum Pillenstein an der Stadtgrenze Nürnberg/Fürth. ✅Neu- und ✅Gebrauchtwagen ✅kaufen / ✅leasen. Jetzt Probefahrt vereinbaren!. https://www.pillenstein.de/, 2020-01-01","https://www.pillenstein.de/autos/vw-pkw/neuwagen/passat-variant/","So haben Sie jederzeit alles im Griff in Ihrem Passat Variant."
"1024","2020-01-16","internetbasiert","Ionity ändert Preismodell – auf 79 Cent pro kWh - electrive.net. electrive.net, 2020-01-16","https://www.electrive.net/2020/01/16/ionity-aendert-preismodell-auf-79-cent-pro-kwh/","Mein Golf 7 Variant TDI verbraucht bei flotter Autobahnfahrt (140 – 170 kmh/h) zwischen 5,5 und 6,5 Liter."
"1025","2020-08-04","internetbasiert","Kaspersky Internet Security for Android. Lizenz2Go, 2020-08-04","https://lizenz2go.ch/products/kaspersky-internet-security-for-android","Lizenz Lizenztyp Subscription Lizenz Lizenzdauer 1 Jahr Lizenzform ESD Anzahl Geräte 1x - 3x (siehe Auswahl) Sprache Multilingual Software Hersteller Kaspersky Produktfamilie Internet Security Produktserie Android Herst.-Nr. {{ variant.sku }} Systemanforderungen Betriebssystem Android 4.2 oder höher Minimale Bildschirmauflösung 320 x 480"
"1026","2020-02-15","internetbasiert","Boulangère Kartoffeln eine leckere Spezialität aus Frankreich. Claudia, 2020-02-15","https://eineprisesalz.blog/2020/02/15/rezept-boulangere-kartoffeln/","Nicht das Richtige, wie wäre es mit dieser Variante mit Butter?https://eineprisesalz.blog/2020/12/04/einfache-kartoffeturmchen/"
"1027","2019-10-31","internetbasiert","VW-Abgasskandal: OLG Düsseldorf hält Abschaltautomatik wie der BGH für Mangel | Dr. Stoll & Sauer - VW Schadensersatz. VW-Abgasskandal: OLG Düsseldorf hält Abschaltautomatik wie der BGH für Mangel | Dr. Stoll & Sauer, 2019-10-31","https://www.vw-schaden.de/aktuelles/vw-abgasskandal-olg-duesseldorf-haelt-abschaltautomatik-wie-der-bgh-fuer-mangel","Der Kläger im Düsseldorfer Fall hatte 2013 für 27.000 Euro einen VW Passat Variant gekauft."
"1028","2019-04-24","internetbasiert","3 Features von Destiny 2, auf deren Rückkehr die Fans immer noch warten. Mein-MMO.de, 2019-04-24","https://mein-mmo.de/destiny-2-3-features-warten-auf-ruckkehr/","[...] Entscheidungen wo sich jeder der nur kurz drüber nachdenkt auf den Kopf greift, werden beinhart rausgeworfen OHNE getestet zu werden (denn da wären ja viele Fehler aufgefallen) und dann sitzt man auf seinem breiten Arsch, lässt das Feedback auf sich einprasseln und wenns einen grad juckt, macht man halt Lösungsweg C und stellt sich hin wie der Messias und man wisse ja was die Community wollte (und nein es ist natürlich nicht das was Tausende an Leuten geschrieben haben, Lösung C is dann meist eine variante vom kleinen (hier bitte Namen des Praktikanten einfügen), der meint das Spiel revolutionieren zu müssen, es in Wirklichkeit aber nur besch** macht [...]"
"1029","2019-08-06","internetbasiert","Microsoft: Russische Hacker nutzen IoT, um Firmen zu attackieren. 0800hardware.de, 2019-08-06","http://0800hardware.de/microsoft-russische-hacker-nutzen-iot-um-firmen-zu-attackieren/","Small (45mm x 18mm), robust and powerful board; 3.3V variant of the Nano family."
"1030","2020-11-26","internetbasiert","PHEV-Versionen des VW Arteon kosten gut 50.000 Euro - electrive.net. electrive.net, 2020-11-26","https://www.electrive.net/2020/11/26/phev-versionen-des-vw-arteon-kosten-gut-50-000-euro/","Während der Passat Variant weiter auf einen möglichst großen und gut nutzbaren Laderaum setzen soll, soll der Arteon Shooting Brake mehr mit Design und Dynamik statt mit Nutzwert punkten."
"1031","2018-11-05","internetbasiert","Alles in einem Topf! Unsere ONE POT WONDER – wenns mal wieder schnell gehen soll! Klassiche Käse-Blitz-Pasta mit Schnittlauch & Cremige Kürbis-Käse-Pasta. meinleckeresleben.com, 2018-11-05","https://meinleckeresleben.com/2018/11/05/alles-in-einem-topf-wenns-mal-wieder-schnell-gehen-soll-cremige-kaese-blitz-pasta-mit-schnittlauch/","ZWEITE ONE POT PASTA VARIANTE MIT KÜRBIS!"
"1032","2020-05-14","internetbasiert","VW Passat 2.0 TDI R-Line 4Motion - Auto Welt von Rotz. Auto Welt von Rotz, 2020-05-14","https://www.vonrotz.ch/auto/vw-passat-2-0-tdi-r-line-4motion-2/","[...] VW Passat Variant 4 Motion R-Line 2.0 Turbodiesel DSG-Automat Allrad mit 190PS und 400NM Top Ausstattung wie z.B Touchscreen MAXI Navigationssystem mit DAB+ Radioempfang/USB/AUX/App-Connect/Bluetooth und WirelessCharging, LED-Nebelscheinwerfer mit Kurvenlicht, LED-Scheinwerfer mit Matrix-Beam-Funktion Fernlichtassistent, Fahrprofilauswahl, ACC adaptiver Tempomat mit automatischer Abstandsregelung, Front Assist Umfeldbeobachtung mit City Notbremsfunktion, Stau-, Emergency-, Sideassist- Totwinkelwarner und Spurhalteassistent mit Verkehrszechenerkennung, R-Line Multifunktionssportlenkrad abgeflacht mit Schaltwippen, MAXI Active Info Display, LED-Heckleuchten mit dynamischen Blinkleuchten, Keyless Access Keyless mit Startknopf und elektrische Heckklappe EASY OPEN mit Gestensteuerung und EasyClose mit elektrischer Gepäckraumabdeckung und Diebstahlwarnanlage, Sonnenschutzrollos hinten, R-Line Ledersitze, Aussenspiegel elektrisch verstell- und einklapp- und abblendbar, Parkdistanzkontrolle vorne und hinten mit optischer Anzeige und Rückfahrkamera sowie Parklenasssistent, LED-Ambientebeleuchtung, 18 Zoll Alufelgen, Proaktives Insassenschutzsystem, 2 Zonen Klimatronic mit Sitzheizung vorne, Ladeboden variabel, getönte Scheiben ab B Säule etc. [...]"
"1033","2018-05-01","internetbasiert","Blasenkarzinom. MedMedia, 2018-05-01","https://www.medmedia.at/intra/urocongress/aua-2018/blasenkarzinom/","Lyon T et al., Rochester, USA, Abstract #PD41-07; In dieser retrospektiven Analyse wurde die MD Anderson Risikostratifizierung bei muskelinvasivem Blasenkarzinom, welche die Kriterien Hydronephrose, lymphovaskuläre Invasion, variante Histologie und cT3/4-Stadien beinhaltet, validiert."
"1034","2020-02-28","internetbasiert","meine-wiking-welt - 1500 Variant Eckhauber. meine-wiking-welt.eu, 2020-02-28","https://www.meine-wiking-welt.eu/pkw/volkswagen/1500-variant-eckhauber/","VW 1500 Variant Kofferraumhaube Eckig Polizei 1040 1970-1974 kieferngrün, Verglasung getönt, ohne IE, Blaulicht auf silbernem Martinshorngestell, Stoßstange glatt, Frontscheinwerfer gesilbert, Standard Pkw Räder, Bodenplatte silbern, Bodenprägung ""VW"" + ""1500"" + ""WIKING"" + ""GERMANY"" + ""VARIANT""."
"1035","2018-06-22","internetbasiert","IoT-Innovationen fördern: XITASO verstärkt Anwenderorganisation “MindSphere World e.V.”. IoT-Innovationen fördern: XITASO verstärkt Anwenderorganisation “MindSphere World e.V.”, 2018-06-22","http://0800hardware.de/iot-innovationen-foerdern-xitaso-verstaerkt-anwenderorganisation-mindsphere-world-e-v/","The ease of use of a Nano board with the addition of secure IoT and BT connectivity Small (45mm x 18mm), robust and powerful board; 3.3V variant of the Nano family."
"1036","2018-07-24","internetbasiert","Autotrailer mieten - Trailer Point. Trailer Point GmbH, 2018-07-24","https://www.trailer-point.de/vermietung/autotrailer-mieten/","Da sich immer mehr Menschen dem Online-Glücksspiel zuwenden, wird die Nachfrage nach Autotransportdiensten wie Variant Multitransporter hindcarriage steigen."
"1037","2020-06-24","internetbasiert","GEVATTER DOKUMENTATION - Glücklicher Montag. Glücklicher Montag, 2020-06-24","https://gluecklicher-montag.de/gevatter-dokumentation/","Neben der Regular Edition mit einem Cover von mir wird es von „Verleugnung“ auch eine Ausgabe mit einem Variant Cover von Sascha Wüstefeld geben."
"1038","2018-01-01","internetbasiert","BMW AM4. lackierer-scherneck.de, 2018-01-01","https://lackierer-scherneck.de/referenzen/bmw-am4/","BMW AM4 Category: Automobil , Oldtimer PS: 20 Baujahr: 1933 PS: 20 Baujahr: 1933 Share This related projects VW Bora Variant Automobil view detail Project Information Project name: VW Bora Variant Category:"
"1039","2020-01-01","internetbasiert","25-215. isover.ch, 2020-01-01","https://www.isover.ch/de/solutions/25-215","Description Unité 1 Unité 2 Variant 1 Variant 2 Variant 3 Variant 4 Variant 5 Variant 6 Holzständer 60 x 80 mm h [mm] 80 – Holzständer 60 x 160 mm h [mm] – 160 ISOFIX 035 d [mm] 80 – ISOFIX 035 d [mm] 60 60 ISORESIST 1000 035 d [mm] – 160 Wärmeschutz im Winter und Sommer Wärmedurchgangskoeffizient:"
"1040","2018-11-08","internetbasiert","Infinity Flex – Samsung zeigt faltbares Display aber noch kein fertiges Smartphones. Testberichte, News, Tablets & Smartphones, 2018-11-08","https://www.appdated.de/2018/11/infinity-flex-samsung-zeigt-faltbares-display-aber-noch-kein-fertiges-smartphones/","The Galaxy S10 Plus is said to sport three cameras on its back, while the small Galaxy S10 variant will stick to one rear-facing camera."
"1041","2018-11-23","internetbasiert","Fototische. studiotische.de, 2018-11-23","https://www.studiotische.de/Fototische","Der verschiebbare Querholm wird am Fototisch Variant Super Maxi mit 2 Schraubklemmen befestigt."
"1042","2020-08-11","internetbasiert","Das Unternehmen ""Lemke Bau"" - Lemke Bau GmbH. Lemke Bau GmbH, 2020-08-11","https://www.lemke-bau.de/bauunternehmen-lemke-bau/","Pure Eleganz: Die geradlinige Optik bildet gemeinsam mit den vielfältigen Raumaufteilungs- varianten ein hochmodernes…"
"1043","2020-02-25","internetbasiert","Ausstattungspakete | Autohaus Seifert GmbH. Autohaus Seifert GmbH, 2020-02-25","https://www.vw-seifert.de/grosskunden/fuhrparkloesungen/ausstattungspakete/","Das Business Paket ist unter anderem auch für den Golf, Golf Plus und Golf Variant erhältlich und enthält zum Beispiel die Mulitfunktionsanzeige „Plus“ inklusive Müdigkeitserkennung."
"1044","2018-01-22","internetbasiert","Welche IoT-Plattform passt zu meinem Projekt?. 0800hardware.de, 2018-01-22","http://0800hardware.de/welche-iot-plattform-passt-zu-meinem-projekt/","Small (45mm x 18mm), robust and powerful board; 3.3V variant of the Nano family."
"1045","2018-02-06","internetbasiert","Motoraufhängung Motorlager Motor Lager Getriebe Audi Seat Skoda VW Golf 4 Beetle. netspares.de, 2018-02-06","https://netspares.de/Auto-Ersatzteile/Motor-Motorteile/Motoraufhaengung-Motorlager-Motor-Lager-Getriebe-Audi-Seat-Skoda-VW-Golf-4-Beetle::3595.html","[...] (1J1) 1.6 08.97-05.04 74 100 1595 VW GOLF IV (1J1) 1.6 08.00-06.05 75 102 1595 VW GOLF IV (1J1) 1.6 16V 02.00-06.05 77 105 1598 VW GOLF IV (1J1) 1.8 08.97-06.05 92 125 1781 VW GOLF IV (1J1) 1.8 T 08.97-06.05 110 150 1781 VW GOLF IV (1J1) 2.0 07.98-05.04 85 115 1984 VW GOLF IV (1J1) 1.9 TDI 10.97-05.04 66 90 1896 VW GOLF IV (1J1) 1.9 TDI 08.97-05.04 81 110 1896 VW GOLF IV Variant (1J5) 1.4 16V 05.99-06.06 55 75 1390 VW GOLF IV Variant (1J5) 1.6 05.99-04.02 74 101 1595 VW GOLF IV Variant (1J5) 1.6 08.00-06.06 75 102 1595 VW GOLF IV Variant (1J5) 1.6 16V 02.00-06.06 77 105 1598 VW GOLF IV Variant (1J5) 1.8 T 05.00-06.06 110 150 1781 VW GOLF IV Variant (1J5) 2.0 05.99-06.06 85 115 1984 VW GOLF IV Variant (1J5) 2.0 Bi-Fuel 02.02-06.06 85 116 1984 VW GOLF IV Variant (1J5) 1.9 TDI [...]"
"1046","2020-04-01","internetbasiert","Echtgeld Spiel Variante | No deposit spielautomaten bonus. status-verlag.de, 2020-04-01","https://status-verlag.de/echtgeld-spiel-variante-no-deposit-spielautomaten-bonus/","Bei NetBet gibt es verschiedene Versionen des Roulettes, echtgeld spiel variante ist abgeschlossen und war der Anlass für die katholische."
"1047","2020-03-16","internetbasiert","COVID-19. Homepage von Detlef Gerritzen, 2020-03-16","http://www.detlef-gerritzen.ch/varia/links/covid-19/","medrxiv.org, 2.12.2021, ""Increased risk of SARS-CoV-2 reinfection associated with emergence of the Omicron variant in South Africa"""
"1048","2018-01-12","internetbasiert","1.9, 2.0, TDI, Original, neu, Turbolader, Garrett, 717858-5010S, AVF, AWX, BGW, BLB, BNA, BPW, BRE, BRF, BSS, Audi, Skoda, VW. Turbolader-24.de, 2018-01-12","https://www.turbolader-24.de/de/turbolader-pkw-audi/58-717858-5010s-avf-awx-bgw-blb-bna-bpw-bre-brf-bss-audi-skoda-vw-turbolader-garrett.html","Variant"
"1049","2018-03-23","internetbasiert","Lachsfliegen. as-shop.versacommerce.de, 2018-03-23","https://as-shop.versacommerce.de/collections/lachsfliegen","Vorschau Serious FlyfishingUllsock Variant 1"
"1050","2019-01-01","internetbasiert","Wissenswertes für Ihre Portugal-Reise. portugal-reiseprofi.de, 2019-01-01","https://www.portugal-reiseprofi.de/informationen-portugal/wissenswertes/","Vilar Formoso (Grenze); A29/IC1: Miramar – Angeja - Lisboa Região (Pinhal Interior): A13/IC3: Atalaia – Tomar - Lisboa Região (Litoral oeste): A8/IC36: Variante Sul de Leiria; A19/IC2: Variante da Batalha -"
"1051","2020-01-24","internetbasiert","Golfnetz - Golf Übungsnetz 🥇 Für den Garten. Golfzubehör - Golf Zubehör auf Golfvision.de, 2020-01-24","https://www.golfvision.de/testberichte/golfnetz/","Es gibt varianten, die sehen aus wie eine Strandmuschel und haben im Inneren noch eine Plane mit löchern."
"1052","2019-06-14","internetbasiert","❉ Pedalo Curling Straße im Vergleich — >>Pharmawelt<< — Juli 2020 ❉. >>Pharmawelt<<, 2019-06-14","https://pharmawelt.org/pedalo-curling-strasse-im-vergleich/","Fit für Volkswagen VW T-Roc alle / VW Golf 7 5G / GTI / R / Variant ab 2012 · VW Golf 7 Plus ab 2014;Touran ab 2016; Tiguan ab 2017"
"1053","2020-07-06","internetbasiert","Linde E20 - E35 Elektrostapler. Logistik-Xtra, 2020-07-06","https://www.logistik-xtra.de/linde-e20-e35-elektrostapler","[...] Variante Tragfähigkeit/Last Fahrgeschwindigkeit mit/ohne Last Hub Batteriespannung / Nennkapazität K5 Arbeitsgangbreite bei Palette 800 x 1200 längs E20 2,0 (t) 20 / 20 (km/h) 3130 (mm) 80 / 460/500 (V)/(Ah) 3766 (mm) E20/600H 2,0 (t) 20 / 20 (km/h) 3230 (mm) 80 / 560/620 (V)/(Ah) 3800 (mm) E25 2,5 (t) 20 / 20 (km/h) 3130 (mm) 80 / 460/500 (V)/(Ah) 3766 (mm) E25/600H 2,5 (t) 20 / 20 (km/h) 3195 (mm) 80 / 560/620 (V)/(Ah) 3822 (mm) E25/600HL 2,5 (t) 20 / 20 (km/h) 3195 (mm) 80 / 700/775 (V)/(Ah) 3967 (mm) E25/600HL_'5Pz/625Ah' 2,3 (t) 20 / 20 (km/h) 3495 (mm) 80 / 575/625 (V)/(Ah) 3967 (mm) E25L 2,5 (t) 20 / 20 (km/h) 3130 ( [...]"
"1054","2020-10-05","internetbasiert","Bodenarbeitsseil Dünn - Prices from 51.60 to 58.75. Bataliru, 2020-10-05","https://bataliru.de/products/bodenarbeitsseil-dunn-prices-from-51-60-to-58-75","[...] Home Hund Alles Halsbänder Leinen Anhänger Pferde Alles Arbeitsseile Halsringe Knotenhalfter Zügel Anhänger Mensch Messanleitung Hundehalsband Knotenhalfter Material & Farben Material Farben Gutschein Alle Produkte Suchen Suchen Einloggen Einkaufswagen Home Hund Hund Menü Hund Alles Halsbänder Leinen Anhänger Pferde Pferde Menü Pferde Alles Arbeitsseile Halsringe Knotenhalfter Zügel Anhänger Mensch Messanleitung Messanleitung Menü Messanleitung Hundehalsband Knotenhalfter Material & Farben Material & Farben Menü Material & Farben Material Farben Gutschein Alle Produkte Bodenarbeitsseil Dünn - Prices from 51.60 to 58.75 Normaler Preis €51,60 Sonderpreis €51,60 Angebot inkl. MwSt. zzgl. Versandkosten Title Variant for price 51.6 Variant for price 52 Variant for price 52.1 Variant for price 52.2 Variant for price 52.45 Variant for price 52.55 Variant for price 52.65 Variant for price 53.05 Variant for price 53.15 Variant for price 53.25 Variant for price 53.5 Variant for price 53.6 Variant for price 53.7 Variant for price 54.1 Variant for price 54.2 Variant for price 54.55 Variant for price 54.65 Variant for price 54.75 Variant for price 55.15 Variant for price 55.25 Variant for price 55.6 Variant for price 55.7 Variant for price 56.2 Variant for price 56.65 Variant for price 56.75 Variant for price 57.25 Variant for price 57.7 Variant for [...]"
"1055","2019-11-15","internetbasiert","Automatisches Ziehen einer Reportingvariante. berater-wiki.de, 2019-11-15","https://www.berater-wiki.de/Automatisches_Ziehen_einer_Reportingvariante","Select variant into lv_variant from Z_VARIANTEN where programe = sy-repid and bname = sy-uname. check sy-subrc = 0. call function 'RS_SUPPORT_SELECTIONS' exporting report = lv_report variant = lv_variant exceptions variant_not_existent = 1 variant_obsolete = 2 others = 3. if sy-subrc <> 0. * Variante & ist nicht vorhanden message i809(00) with lv_variant. endif."
"1056","2018-02-02","internetbasiert","Apple Pay: Tim Cook kündigt Start an - aber nicht für Deutschland - appgefahren.de. appgefahren.de, 2018-02-02","https://www.appgefahren.de/apple-pay-tim-cook-kuendigt-start-an-nicht-fuer-deutschland-217478.html","20-25 euro kontaktlos zahlen ohne pin etc sind auch totaler unsin. der chip ist gefloppt, wieso sollte die kontaktlose variante da besser laufen?"
"1057","2019-07-28","internetbasiert","SCHWEINEVOGEL - Glücklicher Montag. Glücklicher Montag, 2019-07-28","https://gluecklicher-montag.de/schweinevogel/","1999 Okt Schweinevogel Nr. 1, Vol. 2 “Aton – Fluch der Väter”, Regular + Variant Edition, von Augsburg, Schwarwel, Graupner – EEE Extrem Erfolgreich Enterprises Vlg., Leipzig Dez Schwarwel bei “D.U. am Dienstag am Donnerstag” – exklusivste und szenecredibelste Talkshow (Schwarwel steht den Talkmastern Uwe und Donis Rede und Antwort und muss sich als schnellzeichner beweisen) – Leipzig, Ilses Erika"
"1058","2020-02-18","internetbasiert","VW Limousine gebraucht online kaufen. instamotion.com, 2020-02-18","https://www.instamotion.com/marke/volkswagen/limousine","Passats sind häufiger als Kombis (unter dem populären Namen Variant) verkauft worden."
"1059","2020-05-15","internetbasiert","Build Multi-Arch images on Docker Hub (Part 1). Virtualzone Blog, 2020-05-15","https://virtualzone.de/posts/multi-arch-docker-images-1/","image: virtualzone/compose-updater:latest manifests: - image: virtualzone/compose-updater:amd64 platform: architecture: amd64 os: linux - image: virtualzone/compose-updater:arm32v6 platform: architecture: arm os: linux variant: v6 - image: virtualzone/compose-updater:arm32v7 platform: architecture: arm os: linux variant: v7 - image: virtualzone/compose-updater:arm64v8 platform: architecture: arm64 os: linux variant: v8"
"1060","2018-05-18","internetbasiert","Coming Soon Navigation. teamprotexx.de, 2018-05-18","https://teamprotexx.de/coming-soon-navigation","[...]“ btn2_text_hovercolor=“#ffffff“ btn_width=“200″ btn_border_radius=“100″ title_font_size=“desktop:16px;“ title_line_ht=“desktop:26px;“ btn1_heading_style=“font-weight:700;“ btn2_heading_style=“font-weight:700;“ css_dualbtn_design=“.vc_custom_1520957277368{margin-top: 0px !important;margin-right: 0px !important;margin-bottom: 0px !important;margin-left: 0px !important;padding-top: 0px !important;padding-right: 0px !important;padding-bottom: 0px !important;padding-left: 0px !important;}“ btn1_font_family=“font_family:Roboto|font_call:Roboto|variant:700″ btn2_font_family=“font_family:Roboto|font_call:Roboto|variant:700″][/vc_column][/vc_row][vc_row full_width=“stretch_row“ full_height=“yes“ bg_type=“image“ parallax_style=“vcpb-default“ bg_image_repeat=“no-repeat“ bg_img_attach=“fixed“ bg_override=“ex-full“ enable_overlay=“enable_overlay_value“ overlay_color=“rgba(0,0,0,0.45)“ type=“vc_default“ css=“.vc_custom_1520959141848{background-color: [...]"
"1061","2020-08-11","internetbasiert","Musterhäuser in Stade - Lemke Bau GmbH. Lemke Bau GmbH, 2020-08-11","https://www.lemke-bau.de/musterhaus-musterhauspark/","Pure Eleganz: Die geradlinige Optik bildet gemeinsam mit den vielfältigen Raumaufteilungs- varianten ein hochmodernes…"
"1062","2018-08-12","internetbasiert","3D Druck - Festool vacuum cleaner adapter - flexible. 3d-loewe.de, 2018-08-12","https://www.3d-loewe.de/p/festool-vacuum-cleaner-adapter-flexible","Variante 1: festool vac cl adapter"
"1063","2020-04-18","internetbasiert","kathas schneekuchen & ideenliste zur eiweissverwertung. Esskultur, 2020-04-18","https://www.esskultur.at/kathas-schneekuchen-inkl-ideenliste-zur-eiweissverwertung/","zubereitung varianten tipps eiweißverwertung – die ideenliste"
"1064","2019-01-03","internetbasiert","Daimler: ""Das Potenzial der Brennstoffzellen-Technologie steht außer Frage"". ecomento.de, 2019-01-03","https://ecomento.de/2019/01/03/daimler-das-potenzial-der-brennstoffzellen-technologie-steht-ausser-frage/","Denken sie an sich, wenn man ihnen anbietet 50% – 70% von ihrem brutto lohn zu behalten, oder 40% – 45%, welche variante würden sie wählen?"
"1065","2020-01-01","internetbasiert","Drehen. RMM Metallbearbeitung GmbH, 2020-01-01","https://www.rmm-metallbearbeitung.de/know-how/drehen/","[...]333333″ icon=“none“ icon_size=““ btn_icon_pos=“ubtn-sep-icon-right-rev“ btn_border_style=“solid“ btn_color_border=“#ffffff“ btn_color_border_hover=“#ffffff“ btn_border_size=“2″ btn_radius=“2″ btn_font_style=“font-weight:700;“ css_adv_btn=“.vc_custom_1572949728024{margin-top: 0px !important;margin-bottom: 0px !important;padding-top: 0px !important;padding-bottom: 0px !important;}“ btn_font_size=“desktop:18px;“ btn_line_height=“desktop:28px;“ btn_font_family=“font_family:Roboto|font_call:Roboto|variant:700″][/vc_column][/vc_row] [...]"
"1066","2020-01-01","internetbasiert","AMPIRE Griffleisten-Kamera für VOLKSWAGEN Rückfahrsysteme Fahrzeugspezifische Rückfahrkameras & Zubehör VW / Volkswagen. soundstudio-seidel.de, 2020-01-01","https://www.soundstudio-seidel.de/rueckfahrsysteme/fahrzeugspezische-kameras/vw-volkswagen/ampire-griffleisten-kamera-volkswagen/a-12952/","Passend für: - Volkswagen Bora 1998-2005 - Volkswagen Golf4 Variant 1999-2006 - Volkswagen Golf5 Variant 2007-2009 - Volkswagen Passat Variant (3BG) 1997-2005 - Volkswagen Tiguan (5n) 2007-2010 - Volkswagen Touareg (7L) 2002-2010 - Porsche Cayenne E1 2002-2010 Und weitere Fahrzeuge mit Kennzeichenleuchte VAG Teilenummer 1J5943021D HINWEIS: Bitte überprüfen Sie vor dem Kauf ob Größenangaben und Befestigungspunkte der Kamera mit denen des Fahrzeugs übereinstimmen!"
"1067","2020-04-01","internetbasiert","Spiele Zum Herunterladen Von Kostenlosen Slots – Spielautomaten online boni 2019. status-verlag.de, 2020-04-01","https://status-verlag.de/spiele-zum-herunterladen-von-kostenlosen-slots-spielautomaten-online-boni-2019/","Ihre auswärtige Anwesenheit wurde auf ein Mindestmaß begrenzt, die nonstop über eine vielzahl von varianten und einschaltstufen laufen."
"1068","2020-01-01","internetbasiert","VW Passat Variant: Vereint Innovation & Komfort. Volkswagen Österreich, 2020-01-01","https://www.volkswagen.at/service-zubehoer/vorgaengermodelle/passat-variant","Eines seiner stärksten Argumente: der große Gepäckraum des Passat Variant mit flexiblen Lade- und Befestigungsmöglichkeiten."
"1069","2018-07-16","internetbasiert","Spukhäuser in Deutschland: Bekannte Orte in der Übersicht. praxistipps.chip.de, 2018-07-16","https://praxistipps.chip.de/spukhaeuser-in-deutschland-bekannte-orte-in-der-uebersicht_104061","1973 sollen angeblich ein Mercedes 300 S und ein VW 1600 Variant in das Haus eingemauert worden sein."
"1070","2018-06-01","internetbasiert","Haben Sie Fragen?. Hanse Haus, 2018-06-01","https://www.hanse-haus.ch/de/fuer-sie/mediathek/360-grad-touren/","360°-Rundgang: Variant 35-160"
"1071","2018-11-15","internetbasiert","Organic Cotton Häkelmütze - Dunkelblau/Orange. 1 Of A Kind, 2018-11-15","https://www.1ofakind.de/products/organic-cotton-hakelmutze-dunkelblau-orange","This variant is currently sold out"
"1072","2020-01-01","internetbasiert","VW Vorteilspakete für Modelle älter als 4 Jahre. Volkswagen Österreich, 2020-01-01","https://www.volkswagen.at/service-zubehoer/volkswagen-service/angebote-und-aktionen/vorteilspakete","12-16 355,- 275,- Polo 03-09 490,- 380,- Polo 10-16 464,- 360,- Golf V 04-09 425,- 329,- Golf VI 09-13 444,- 344,- Golf VII 12-16 444,- 353,- Golf Variant 10-14 496,- 384,- Golf Plus 10-16 425,- 329,- Touran 03-16 416,- 331,- New Beetle 12-16 429,- 329,- Tiguan 07-16 477 370,- Passat 06-14 476,- 369,- Passat Frontantrieb 15-16 447,- 356,- Sharan 10-16 468,- 363,-"
"1073","2019-06-19","internetbasiert","5 Take-aways von ML Conference und IoT Conference 2019. 0800hardware.de, 2019-06-19","http://0800hardware.de/5-take-aways-von-ml-conference-und-iot-conference-2019/","The ease of use of a Nano board with the addition of secure IoT and BT connectivity Small (45mm x 18mm), robust and powerful board; 3.3V variant of the Nano family."
"1074","2020-01-01","internetbasiert","Bordwandaufsatz Alu 35 Cm PK. Koch Anhängerwerke, 2020-01-01","https://www.kochanhaengerwerke.de/et-shop/bordwandaufsatz-alu-35-cm-pk","Variant Heckkipper Variant 168x320cm 2,7t | E-Pumpe | Rampen | Aktion"
"1075","2018-03-14","internetbasiert","Einbruchstore IOT und Supply Chain. 0800hardware.de, 2018-03-14","http://0800hardware.de/einbruchstore-iot-und-supply-chain/","Small (45mm x 18mm), robust and powerful board; 3.3V variant of the Nano family."
"1076","2020-01-01","internetbasiert","Matador MPS 400 Variant All Weather 2 195/75 R16 10 R. Autoreifenfinder, 2020-01-01","https://www.autoreifenfinder.ch/matador/mps-400-variant-all-weather-2/195-75-r16-10r-105304/","Bewerten Sie die Matador MPS 400 Variant All Weather 2"
"1077","2020-09-21","internetbasiert","Jetzt bestellbar: Der neue VW Golf Variant. Autohaus Stoppanski, 2020-09-21","https://www.stoppanski.de/news/golf-variant-bestellbar/","Der Vorverkauf des Golf Variant beginnt in Deutschland am morgigen 10. September, weitere europäische Länder folgen sukzessive."
"1078","2020-01-01","internetbasiert","Matador MPS 400 Variant All Weather 2 215/65 R16 109 T. Autoreifenfinder, 2020-01-01","https://www.autoreifenfinder.ch/matador/mps-400-variant-all-weather-2/215-65-r16-109t-132148/","Matador MPS 400 Variant All Weather 2 ( 215/65 R16C 109/107T 8PR Doppelkenn"
"1079","2019-04-02","internetbasiert","Sammel-Stützpunkt rot oder schwarz. CAR ELECTRIC, 2019-04-02","https://camperelektrik.de/products/sammel-stutzpunkt-klein-6-3mm-gewinde-rot","[...] VIEW CART Add to Cart Continue Option1 Option2 Option3 Add to Cart Option1 Option2 Option3 Add to Cart Option1 Option2 Option3 Add to Cart Option1 Option2 Option3 Add to Cart Option1 Option2 Option3 Add to Cart Option1 Option2 Option3 Add to Cart Variant 1 Variant 2 Variant 3 Direkt zum Inhalt Suchen Einloggen Konto erstellen Einkaufswagen ( 0 ) Zur Kasse ELEKTRIK STECKBAR EINFACH Menü Autarkiepakete Selbstausbauer + Übersicht Batterien Ladebooster Solar + Komplettsets Komponenten 230V + 230V Landstrom 230V Autark 12V/24V Kabelsätze Verbraucher + Beleuchtung Wasser Standheizung & Boiler Steckdosen & USB-Dosen Aktion Beratung + Ratgeber + Basiscamper Adventure Explorer Beratung buchen Messen Einloggen Konto erstellen Facebook Instagram YouTube Startseite › Sammel-Stützpunkt rot oder schwarz Sammel-Stützpunkt rot oder schwarz Normaler Preis €5,70 inkl. MwSt. zzgl. Versandkosten Schwarz - €5,70 EUR Rot - €5,70 EUR In den Einkaufswagen legen Dieses Produkt beinhaltet lediglich einen Sammelstützpunkt. [...]"
"1080","2018-06-01","internetbasiert","Fertighaus Variant 35-184 | HANSE HAUS. Hanse Haus, 2018-06-01","https://www.hanse-haus.ch/de/architektur/haeuser/haus/variant-35-184/","Mit 184 m² Grundfläche bietet auch dieses Haus aus der Hanse Haus Serie Variant grosszügigen Raum für die ganze Familie."
"1081","2019-07-29","internetbasiert","Was ist mein Auto noch wert? Gebrauchtwagenpreise ermitteln!. wirkaufendeinauto.at, 2019-07-29","https://www.wirkaufendeinauto.at/auto-bewertung/was-ist-mein-auto-noch-wert/","Heute gilt der VW Passat Variant, also die Kombi-Version, zu 90 Prozent als das am meisten gekaufte Auto."
"1082","2019-02-15","internetbasiert","Nokia TA-1140 mit Zertifizierung - wird es das Nokia 6.2?. Testberichte, News, Tablets & Smartphones, 2019-02-15","https://www.appdated.de/2019/02/nokia-ta-1140-mit-zertifizierung-wird-es-das-nokia-6-2/","There is also a possibility of it being a variant of the mid-range Nokia 8.1 Plus instead."
"1083","2020-08-03","internetbasiert","Variant 2717 T3 | 320x168cm - 2,7t | Rückwärtskipper - Hochplane. PKW-Anhänger kaufen bei P+P Anhängercenter | Wohnmobil Vermietung & Anhängervermietung, 2020-08-03","http://www.ppanhaengercenter.com/store/p909/Variant-2717-T3-320-x-168-cm.html","Variant Kippbare Anhänger"
"1084","2020-07-31","internetbasiert","06.10.2015 [T-275/12 und T-276/12] Gericht der Europäischen Union, Urteil | Rat durfte Gelder des Fußballvereins ""Dynamo-Minsk"" nicht einfrieren < kostenlose-urteile.de. Ra-Online Gmbh, Berlin, 2020-07-31","https://www.kostenlose-urteile.de/Gericht-der-Europaeischen-Union_T-27512-und-T-27612_Rat-durfte-Gelder-des-Fussballvereins-Dynamo-Minsk-nicht-einfrieren.news21692.htm","Aufgrund ihrer verspäteten Erhebung weist das Gericht schließlich die Klagen als unzulässig ab, die Herr Chyzh, die Gesellschaft Triple, zwei ihrer Tochtergesellschaften (Variant und TriplePharm) und der"
"1085","2018-05-06","internetbasiert","Rezept für Erdbeer-Vanille-Amerikaner. Zucker, Zimt und Liebe, 2018-05-06","https://www.zuckerzimtundliebe.de/2018/05/rezept-fuer-erdbeer-vanille-amerikaner/","Amerikaner hatte ich hier vor ziemlich genau einem Jahr dann mit Mohn, Zitrone und Blaubeeren gezaubert, eine winterliche Schokoladen-Amerikaner Variant mit Kakao und Zimtglasur kennen vielleicht auch noch ein paar von Euch."
"1086","2019-04-09","internetbasiert","Autohaus Bataille | Ihr Volkswagen Partner in Jülich. Autohaus Bataille, 2019-04-09","https://autohaus-bataille.de/","Passat Variant 2.0 TDI Elegance DSG,AHK,Navi"
"1087","2020-01-01","internetbasiert","169 Reifen gefunden. fahrzeugauswahl.reifenleader.ch, 2020-01-01","https://fahrzeugauswahl.reifenleader.ch/pkw-reifen/fiat/talento/talento-1400/13786","MPS 400 Variant AW2"
"1088","2018-03-14","internetbasiert","Einbruchstore IOT und Supply Chain. 0800hardware.de, 2018-03-14","http://0800hardware.de/einbruchstore-iot-und-supply-chain/","The ease of use of a Nano board with the addition of secure IoT and BT connectivity Small (45mm x 18mm), robust and powerful board; 3.3V variant of the Nano family."
"1089","2019-01-01","internetbasiert","Original Aluminium Felge VW | Top-Preis: 1.104,90 €. Top-Preis: 1.104,90 €, 2019-01-01","https://www.basenio.de/guenstig-kaufen/original-aluminium-felge-vw-57193/_golf-7/","[...] 1.2 TSI 1197 ccm, 81 KW, 110 PS VW Golf VII Variant 2013/09-2019/12 BA5 1.4 TGI CNG 1395 ccm, 81 KW, 110 PS VW Golf VII Variant 2014/05-2019/12 BA5 1.4 TSI 1395 ccm, 92 KW, 125 PS VW Golf VII Variant 2014/05-2019/12 BA5 1.4 TSI 1395 ccm, 110 KW, 150 PS VW Golf VII Variant 2013/05-2019/12 BA5 1.4 TSI 1395 ccm, 90 KW, 122 PS VW Golf VII Variant 2014/05-2019/12 BA5 1.4 TSI MultiFuel 1395 ccm, 92 KW, 125 PS VW Golf VII Variant 2013/04-2019/12 BA5 1.4 TSI MultiFuel 1395 ccm, 90 KW, 122 PS VW Golf VII Variant 2014/05-2019/12 BA5 1.6 1598 ccm, 81 KW, 110 PS VW Golf VII Variant 2013/05-2019/12 BA5 1.6 TDI 1598 ccm, 66 KW, 90 PS VW Golf VII Variant 2016/11-2019/12 BA5 1.6 TDI 1598 ccm, 85 KW, 115 PS VW Golf VII Variant 2013/05-2019/12 BA5 1.6 TDI 1598 ccm, 81 KW, 110 PS VW Golf VII Variant 2013/05-2019/12 BA5 1.6 TDI 1598 ccm, 77 KW, 105 PS VW Golf [...]"
"1090","2019-12-23","internetbasiert","Dienstleistungen von Architektur-, Konstruktions- und Ingenieurbüros und Prüfstellen Frankreich, Privas: Auftragsbekanntmachung - arcguide.de. arcguide.de, 2019-12-23","https://www.arcguide.de/ausschreibung/frankreich-privas-auftragsbekanntmachung-3/","Le présent dossier est lancé avec une variante obligatoire détaillée concernant la mission OPC."
"1091","2020-01-01","internetbasiert","Der Passat Variant: So souverän wie Sie. heisel.de, 2020-01-01","https://www.heisel.de/der-neue-passat-variant-so-souveraen-wie-sie/","Mit den R-Line Ausstattungen zeigt sich der Passat Variant von seiner sportlichen Seite."
"1092","2019-10-31","internetbasiert","Eindrücke des neuen Shinkansen N700S. Sumikai, 2019-10-31","https://sumikai.com/nachrichten-aus-japan/eindruecke-des-neuen-shinkansen-n700s-261228/","Der Rest besteht aus 80 N700-Serie-Zügen und 27 N700A-Serie-Zügen, einer Variante der N700."
"1093","2020-01-01","internetbasiert","Pongratz Heckkipper PK 2500 151x260cm 2,5t|Elektro|BWA. Koch Anhängerwerke, 2020-01-01","https://www.kochanhaengerwerke.de/kipper/rueckwaertskipper/pongratz-heckkipper-pk-2500-151x260cm-2-5t-elektro-bwa","Variant Heckkipper Variant 168x320cm 2,7t | E-Pumpe | Rampen | Gitter | Aktion"
"1094","2018-07-22","internetbasiert","Das Ende der Smartphones? Das IoT könnte der nächste große Wachstumstreiber für diese 2 Tech-Aktien sein. 0800hardware.de, 2018-07-22","http://0800hardware.de/das-ende-der-smartphones-das-iot-koennte-der-naechste-grosse-wachstumstreiber-fuer-diese-2-tech-aktien-sein/","The ease of use of a Nano board with the addition of secure IoT and BT connectivity Small (45mm x 18mm), robust and powerful board; 3.3V variant of the Nano family."
"1095","2018-05-31","internetbasiert","VW Golf Variant: Zuverlässigkeit und Erfolg seit 1993. Auto-Kombi, 2018-05-31","https://www.kombi.de/vw-golf-variant/","Der Golf 7 Variant jedoch soll die breite Masse an Zielpersonen ansprechen und die Verkaufszahlen steigern."
"1096","2019-12-04","internetbasiert","Closed loop - Open mind!Lucky Loop im Raum KölnZwei xdrip+ Instanzen und wozu das gut sein kann…. Closed loop - Open mind!, 2019-12-04","https://luckyloop.koeln/zwei-xdrip-instanzen-und-wozu-das-gut-sein-kann/","Der Link zu den Variant-Versionen von xdrip ist hier (es gibt 4 Variant Versionen, die sind alle gleich, nur durchnummeriert zur Unterscheidung):"
"1097","2020-01-01","internetbasiert","Unsinn Hochlader Anhänger 204x546cm 3,0t|10Zoll. Koch Anhängerwerke, 2020-01-01","https://www.kochanhaengerwerke.de/hochlader/hochlader-pritsche/unsinn-hochlader-anhaenger-204x546cm-3-0t-10zoll","Variant Hochlader Anhänger P4 3021 Comfort | 205x415cm 3,0t"
"1098","2018-04-16","internetbasiert","2x BLUETECH® Kennzeichenbeleuchtung (Audi, Skoda, VW). ALP Handels GmbH, 2018-04-16","https://alp-handels.de/products/2x-bluetech%c2%ae-kennzeichenbeleuchtung-audi-a1-a3-a4-a5-a6-a7-tt-q3-q5-skoda-fabia-superb-yeti-vw-passat","VW Passat B6 Variant ab Baujahr 2008 - (nicht geschraubte Version)"
"1099","2019-12-17","internetbasiert","Vegetarischer Caeser Salad - chez Kim-Joëlle. Chez Kim-Joëlle, 2019-12-17","https://chezkimjoelle.de/vegetarischer-caeser-salad/","Now that I have less meat, now had the vegetarian variant ago."
"1100","2018-04-15","internetbasiert","Klassiker Olten - Basel. Ventouxblogs Webseite!, 2018-04-15","https://www.ventouxblog.ch/2018/04/15/klassiker-olten-basel/","der trail nach Rehag runter ist immer wieder ein vergnügen, aber auch die andere variante über die Ruine-Waldenburg ist trotz der paar tragestellen top."
"1101","2020-08-01","internetbasiert","KFZ-Steuer VW Passat. repareo.de, 2020-08-01","https://www.repareo.de/kfz-steuer-vw-passat/","VW vermarktet die Passat-Kombi-Modelle traditionsbewusst unter dem Zusatz „Variant“."
"1102","2020-07-07","internetbasiert","Notrufwähler? in alten Telephonzellen Ersatzteilversand. forum.electronicwerkstatt.de, 2020-07-07","https://forum.electronicwerkstatt.de/phpBB/Historische_Technik/notrufwaehler_in_alten_telephonzellen-t89604f45_bs0.html","Bei mir ist solcheines in orange und gruen im betrieb. ein W38 (DDR) , ein W48 ( BRD) und noch etliche andere geraete im bestand wie variant/ferro und auch etliche neuere..."
"1103","2020-03-02","internetbasiert","Alvi Baby Mäxchen Außensack Exclusiv | Kinderhaus Blaubär. kinderhaus-blaubaer.de, 2020-03-02","https://www.kinderhaus-blaubaer.de/alvi-baby-maexchen-aussensack-exclusiv_31091_56690","[...] { _tsRatingConfig = { tsid : 'X0C74C395F78C2D0663798C126CCFC286', element : '#ts_review_sticker', variant : 'testimonial', reviews : '5', betterThan : '3.0', richSnippets : 'on', backgroundColor : '#FFDC0F', linkColor : '#000000', quotationMarkColor : '#FFFFFF', fontFamily : 'Arial', reviewMinLength : '10' }; var scripts = document.getElementsByTagName('SCRIPT'), me = scripts[scripts.length - 1]; var _ts = document.createElement('SCRIPT'); _ts.type = 'text/javascript'; _ts.async = true; _ts.src = '//widgets.trustedshops.com/reviews/tsSticker/tsSticker.js'; me.parentNode.insertBefore(_ts, me); _tsRatingConfig.script = _ts; })(); [...]"
"1104","2020-02-28","internetbasiert","meine-wiking-welt - Passat Variant IV. meine-wiking-welt.eu, 2020-02-28","https://www.meine-wiking-welt.eu/pkw/volkswagen/passat-variant-iv/","VW Passat Variant IV"
"1105","2020-01-01","internetbasiert","Variant Hartwachsöl farblos 1L=20qm je Auftrag / 0,75 Liter. Holzboden-Direkt.de - Holzboden-Online-Shop und Fachhandel - 5x in Deutschland, 2020-01-01","https://www.holzboden-direkt.de/variant-hartwachsoel-farblos-1l-20qm-je-auftrag-0-75-liter","Variant Hartwachsöl zur Erstbehandlung von Variant- Holzfußböden mit rohen Oberflächen Geeignet für:"
"1106","2020-01-01","internetbasiert","Der Volkswagen Golf Variant: Der Allrounder. heisel.de, 2020-01-01","https://www.heisel.de/der-volkswagen-golf-variant-der-allrounder/","In Ihrem Golf Variant steckt ein Sportprofi: das optionale R-Line Exterieur Paket."
"1107","2020-01-01","internetbasiert","VW Passat Variant Elegance Premium 2.0 TDI SCR 4Motion 240PS DSG | EU Neuwagen | Jütten und Koolen. Jütten und Koolen, 2020-01-01","https://www.juetten-koolen.de/fahrzeuge/eu-neuwagen/VW-Passat-Variant-Elegance-Premium-2.0-TDI-SCR-4Motion-240PS-DSG_29-B5_612","Hersteller Modelle FahrzeugeKonfiguratorAngebot-Nr: 29-B5_612 zurück zur Fahrzeugliste Mein ParkplatzVW Passat Variant Elegance Premium 2.0 TDI SCR 4Motion 240PS DSG Sonderausstattung Farbe & Lackierung Garantie Händleroptionen Fahrzeugdaten BeschreibungEckdaten Detaildaten Verbrauch Maße & Gewicht Serienausstattung Antrieb & Motor Sicherheit Polsterung & Sitze Pakete Außenausstattung Räder Licht & Sicht Innenausstattung Effizienzlabel Beschreibung ~<string id=""Preisart"" label=""Preisart"" />~ Zahlungsarten Finanzierung Bilder BUT: 0 FORMTYP: Ausgabetyp: 0HID Vergleich: trueAngebot anfordernParkenAngebot druckenAngebot-Nr: B5_612 KonfigurationZahlungsartenAngebot anfordern Im Folgenden können Sie die Ausstattung des gewählten Fahrzeugs Ihren Wünschen anpassen."
"1108","2020-03-26","internetbasiert","BIG DEAL - WIEST Autohäuser. WIEST Autohäuser, 2020-03-26","https://wiest-autohaeuser.de/big-deal-golf-variant/","Der Golf Variant ist weit mehr als ein Automobil für Arbeit, Alltag und Vergnügen."
"1109","2020-03-22","internetbasiert","Wer hat die finale Panik-Hoheit in Deutschland | QPress. QPress, die vier Halbwahrheiten, 2020-03-22","https://qpress.de/2020/03/22/wer-hat-die-finale-panik-hoheit-in-deutschland/","The present invention provides a live, attenuated coronavirus comprising a variant replicase gene encoding polyproteins comprising a mutation in one or more of non-structural protein(s)"
"1110","2020-01-01","internetbasiert","Zenec ZE-RCE2001EL - ZENEC E>GO Rückfahrkamera VW Golf V Variant Rückfahrsysteme Fahrzeugspezifische Rückfahrkameras & Zubehör VW / Volkswagen. soundstudio-seidel.de, 2020-01-01","https://www.soundstudio-seidel.de/rueckfahrsysteme/fahrzeugspezische-kameras/vw-volkswagen/zenec-ze-rce2001el-zenec-e-go-rueckfahrkamera-vw-golf-v-variant/a-13455/","- VW Golf V Variant (1K) (2007 - 2009) - VW Passat Limousine (3B) (2001 - 2005) - VW Touareg (7L) (2002 - 2010) - VW Tiguan (5N) (2008 -)"
"1111","2019-06-03","internetbasiert","Samsung Galaxy Note 10 - Note 10e-Version soll preiswerter werden. Testberichte, News, Tablets & Smartphones, 2019-06-03","https://www.appdated.de/2019/06/samsung-galaxy-note-10-samsung-setzt-auch-auf-die-preisbewussten-kunden/","There’s a good possibility that a 4G LTE variant will be offered as well since 5G networks won’t be commonplace even by the end of this year."
"1112","2020-08-03","internetbasiert","Variant 2700 U4 | 420x210cm - 2,7t | Kippbarer Multitransporter - Hochlader Anhänger. PKW-Anhänger kaufen bei P+P Anhängercenter | Wohnmobil Vermietung & Anhängervermietung, 2020-08-03","http://www.ppanhaengercenter.com/store/p613/Variant-2700U4-Kippbarer-Hochlader-Anhaenger.html","Variant 2700 U4 | 420x210cm - 2,7t | Multitransporter - Hochlader"
"1113","2020-07-09","internetbasiert","Platinen ätzen Ersatzteilversand. forum.electronicwerkstatt.de, 2020-07-09","https://forum.electronicwerkstatt.de/phpBB/Grundlagen/platinen_aetzen-t17333f26_bs0.html","Fragen: 1)Kennt jemand diese variante?"
"1114","2020-06-01","internetbasiert","VW Passat Variant Business TDI DSG ACC LED Navi SHZ. autovisits.de, 2020-06-01","https://www.autovisits.de/autos/vw/passat/detail_5727728/","[...] VW Passat 45884 Gelsenkirchen TÜV: 12/2019, 74 kW (101 PS), Baujahr: 1999, Autogas (LPG), 360000 km, Schaltgetriebe 1.299 € VW Passat 85221 Dachau TÜV: 06/2020, Baujahr: 1998, Benzin, 226000 km 1.300 € VW Passat Schwaig Kein TÜV, 142 kW (193 PS), Baujahr: 1997, Benzin, 336823 km, Manuelle Schaltung, Weiß 1.372 € VW Passat Variant Lingen Kein TÜV, Baujahr: 2022, Diesel, 149410 km, Manuelle Schaltung, Silber 1.400 € VW Passat Variant 49565 Bramsche Kein TÜV, Diesel, 257336 km, Manuelle Schaltung 1.450 € Zurück zu den Ergebnissen [...]"
"1115","2019-02-25","internetbasiert","Wie KI, IoT & Co. unser technisches Umfeld verändern. Wie KI, IoT & Co. unser technisches Umfeld verändern, 2019-02-25","http://0800hardware.de/wie-ki-iot-co-unser-technisches-umfeld-veraendern/","The ease of use of a Nano board with the addition of secure IoT and BT connectivity Small (45mm x 18mm), robust and powerful board; 3.3V variant of the Nano family."
"1116","2018-07-29","internetbasiert","Samsung Galaxy S10 – Es wird definitiv kein Notch-Design. Testberichte, News, Tablets & Smartphones, 2018-07-29","https://www.appdated.de/2018/07/samsung-galaxy-s10-es-wird-definitiv-kein-notch-design/","The Galaxy S10 Plus is said to sport three cameras on its back, while the small Galaxy S10 variant will stick to one rear-facing camera."
"1117","2020-01-03","internetbasiert","Gen des Monats Dezember: RHOA - Institut für Humangenetik. Institut für Humangenetik, 2020-01-03","https://www.humangenetik-umg.de/gen-des-monats-dezember-rhoa/","Yigit G, Saida K, DeMarzo D, … Wollnik B, Matsumoto N, Altmüller J. The recurrent postzygotic pathogenic variant p.Glu47Lys in RHOA causes a novel recognizable neuroectodermal phenotype."
"1118","2018-10-16","internetbasiert","Humboldt-Universität zu Berlin - Mathematisch-Naturwissenschaftliche Fakultät - Institut für Physik. Institutskolloquium: Prof. Dr. Klaus Kroy (Institut für Theoretische Physik, Universität Leipzig), 2018-10-16","https://www.physik.hu-berlin.de/de/kolloquium/kolloquia/institutskolloquium-prof-dr-klaus-kroy-institut-fuer-theoretische-physik-universitaet-leipzig","An interesting variant is provided by hot micro-swimmers."
"1119","2018-11-23","internetbasiert","Fototische. studiotische.de, 2018-11-23","https://www.studiotische.de/Fototische","Der „Variant MAXI“ vereint alle Vorteile des Photostar „Variant“ mit einer ca. 80% tieferen Arbeitsfläche, die sowohl vertikal als auch horizontal zum Einsatz kommen kann und damit die perfekte Lösung für Aufnahmen größerer Objekte darstellt."
"1120","2020-08-03","internetbasiert","Variant 3500 U6 | 620x210cm - 3,5t | Kippbarer Multitransporter mit Hochplane & Airlinefront. PKW-Anhänger kaufen bei P+P Anhängercenter | Wohnmobil Vermietung & Anhängervermietung, 2020-08-03","http://www.ppanhaengercenter.com/store/p866/Variant-3500-U6-Plane-Airlinefront.html","Variant"
"1121","2018-05-28","internetbasiert","Siemens übernimmt J2 Innovations für Gebäudeautomation und IoT. 0800hardware.de, 2018-05-28","http://0800hardware.de/siemens-uebernimmt-j2-innovations-fuer-gebaeudeautomation-und-iot/","Small (45mm x 18mm), robust and powerful board; 3.3V variant of the Nano family."
"1122","2020-03-02","internetbasiert","Alvi Baby Mäxchen Sommertraum Mullschlafsack Fox Glove | Kinderhaus Blaubär. kinderhaus-blaubaer.de, 2020-03-02","https://www.kinderhaus-blaubaer.de/alvi-baby-maexchen-sommertraum-mullschlafsack-fox-glove_34874_56852","[...] { _tsRatingConfig = { tsid : 'X0C74C395F78C2D0663798C126CCFC286', element : '#ts_review_sticker', variant : 'testimonial', reviews : '5', betterThan : '3.0', richSnippets : 'on', backgroundColor : '#FFDC0F', linkColor : '#000000', quotationMarkColor : '#FFFFFF', fontFamily : 'Arial', reviewMinLength : '10' }; var scripts = document.getElementsByTagName('SCRIPT'), me = scripts[scripts.length - 1]; var _ts = document.createElement('SCRIPT'); _ts.type = 'text/javascript'; _ts.async = true; _ts.src = '//widgets.trustedshops.com/reviews/tsSticker/tsSticker.js'; me.parentNode.insertBefore(_ts, me); _tsRatingConfig.script = _ts; })(); [...]"
"1123","2020-01-01","internetbasiert","Vezeko Hochlader Anhänger J35.4|210x430cm 3,5t|Ladefläche kippbar. Koch Anhängerwerke, 2020-01-01","https://www.kochanhaengerwerke.de/hochlader/hochlader-pritsche/vezeko-hochlader-anhaenger-j35.4-210x430cm-3-5t-ladeflaeche-kippbar","Variant Hochlader Anhänger 3325 P6 | 245x615cm 3,5t | Tridem | Pro-Line"
"1124","2018-07-04","internetbasiert","So will Destiny 2 sein für alle enttäuschendes Mod-System reparieren. Mein-MMO.de, 2018-07-04","https://mein-mmo.de/destiny-2-neues-mod-system-forsaken/","bis die Antiope droppte war die blaue variante ein treuer begleiter"
"1125","2018-08-15","internetbasiert","Variant 35-137 von Hanse Haus | Fertighaus.de. Fertighaus.de, 2018-08-15","https://www.fertighaus.de/haeuser/hanse-variant35137/","Dank seiner kompakten Außenmaße ist das Variant 35-137 ideal für kleinere Baugrundstücke geeignet."
"1126","2019-03-01","internetbasiert","Ungewöhnliche Zeit-Werte anpassen. excel-ist-sexy.de, 2019-03-01","https://www.excel-ist-sexy.de/ungewoehnliche-zeit-werte-anpassen/","As Date Dim Erfassung As Variant Dim Stunden As Variant, Minuten As Variant 'Datentyp Variant, um Variablen einzusparen (kaum Zeitverlust) Erfassung = Format(Zelle.Value, ""0.00"")"
"1127","2018-07-31","internetbasiert","Windows Server 2019 17723 IoT sowie SDK, ADK, WinPE, WDK, HLK stehen bereit. 0800hardware.de, 2018-07-31","http://0800hardware.de/windows-server-2019-17723-iot-sowie-sdk-adk-winpe-wdk-hlk-stehen-bereit/","Small (45mm x 18mm), robust and powerful board; 3.3V variant of the Nano family."
"1128","2019-11-13","internetbasiert","UKW006 Brexit: Dead in a ditch. UKW, 2019-11-13","https://ukw.fm/ukw006-dead-in-a-ditch/","[...] andere lösung der hat so eine doppelte zoll union lösung vorgeschlagen damit eseinige kontrollen gibt zwischen nordirland und den rest von großbritannien wir wissen zumindest obwohl boris johnson selbst genau den gegentor sagt dass nach dem vorgeschlagen version von boris johnson und für firmen.Die waren von großbritannien nach nordirland liefern müssen die müssen so ein export scheinjetzt vorlegen was normalerweise in eine,kontrollen auf waren zwischen für experten zwischen großbritannien auf von großbritannienzu nordirland.Das bedeutet es war dann eine wenige vorteilhafte lösung für nordirland,für die not irische aus den von theresa may vorgeschlagene variante,aber das war für die eu noch okay weil das war was was die eu selbst vorgeschlagen hatte vor zwei jahrenalso das war dann dieses idee okay wir wir wir kehren dann zurück zu den zweitausendsiebzehner variante. [...]"
"1129","2020-05-21","internetbasiert","Nordvpn-data-mining-skandal – Nordvpn | Zeugenaussagen, wer es benutzt hat. Bester VPN-Vergleicher, 2020-05-21","http://minecraftopia.de/nordvpn-data-mining-skandal-nordvpn-zeugenaussagen-wer-es-benutzt-hat/","Die kostenlose variante des unternehmens ist der günstigeren monatspreis von 25 auf der server und sl selbst wissen, dass sie einen tweet zu beginn des erfolgs von expressvpn löscht oft darin besteht, kontaktieren oder offenlegung, bzw."
"1130","2020-07-01","internetbasiert","Fertighäuser unterschiedliche Hausbau Firmen. hausbau-portal.net 2020 - Alle Rechte reserviert!, 2020-07-01","https://www.hausbau-portal.net/nc/haeuser-musterhaeuser-hausbau/fertighaeuser.html","Variant 45-192"
"1131","2018-10-31","internetbasiert","Zebra-Studie zum vernetzten Unternehmen: Investitionen in IoT steigen. 0800hardware.de, 2018-10-31","http://0800hardware.de/zebra-studie-zum-vernetzten-unternehmen-investitionen-in-iot-steigen/","Small (45mm x 18mm), robust and powerful board; 3.3V variant of the Nano family."
"1132","2019-08-20","internetbasiert","mactrix – mac & apple support in wien 1020 UNSER SERVICE. Mactrix, 2019-08-20","https://mactrix.at/service-2/","oder wir fixen und trixen bei ihnen zuhause oder in ihrem büro. diese zweite variante ist vor allem dann zu empfehlen, wenn es um internetzugang, einem netzwerk oder zb dem einrichten eines druckers geht. auch hier einfach anrufen und einen termin vereinbaren."
"1133","2019-05-13","internetbasiert","Vorstellung/Fahrbericht Lada Urban/Taiga 4x4. Leben und Reisen im Wohnmobil, 2019-05-13","https://www.zuhause-im-wohnmobil.de/vorstellung-fahrbericht-lada-urban-taiga-4x4/","Die filigranen und billigen Bedienelemente für die Heizung erinnerten an meinen alten Ford 15 und 17M oder VW Variant aus Anfang der 70er."
"1134","2020-08-17","internetbasiert","Umzug Berlin Kosten Vergleich ? 6 Spartipps für dich. Umzugsunternehmen Berlin, 2020-08-17","https://www.umzugsunternehmen-berlin.de/umzug-berlin-kosten/","Wer privat umziehen möchte und nicht über einen Transporter verfügt oder einen Möbelwagen von Verwandten oder Bekannten ausleihen kann, muss diesen ausleihen ein Möbeltaxi in Berlin ist auch eine kostengünstige variante."
"1135","2019-04-20","internetbasiert","BlackForestDrive. Ausfahrt.tv, 2019-04-20","https://ausfahrt.tv/deutschsprachige-auto-youtuber/ucjzhnaf6icdrgv2eekzxbga/","Volkswagen VW Passat Variant 4Motion 190PS - Review, Fahrbericht, Test"
"1136","2019-08-27","internetbasiert","Neuer VW Passat GTE mit 56 E-Kilometern gemäß WLTP bestellbar. ecomento.de, 2019-08-27","https://ecomento.de/2019/08/27/neuer-passat-gte-56-e-kilometer-wltp/","Der VW Golf oder der VW Passat werden vor allem für die berufliche Nutzung als Variant (Kombi) genutzt."
"1137","2018-06-14","internetbasiert","Mac-Bundle: Yummy FTP, Aurora HDR und viele weitere Tools zum Sonderpreis - appgefahren.de. appgefahren.de, 2018-06-14","https://www.appgefahren.de/mac-bundle-yummy-ftp-aurora-hdr-und-viele-weitere-tools-zum-sonderpreis-225687.html","Auf der Website der Entwickler gibt es nur ne Tabelle und da hat die Express variante keinen Haken bei „Schnelle RAW Verarbeitung“."
"1138","2020-03-16","internetbasiert","Kremlin Airmix Automatik Spritzpistole AVX. K. Lips AG, 2020-03-16","https://kremlin.ch/produkte/lackiertechnik/kremlin-airmix-automatik-spritzpistole-avx/","Oder die variante VX124 mit fester Spritzstrahlbreite."
"1139","2018-05-07","internetbasiert","Ein Tag vor der Google I/O: Google veröffentlicht IoT-Betriebssystem Android Things 1.0 für das Smart Home. Ein Tag vor der Google I/O: Google veröffentlicht IoT-Betriebssystem Android Things 1.0 für das Smart Home, 2018-05-07","http://0800hardware.de/ein-tag-vor-der-google-io-google-veroeffentlicht-iot-betriebssystem-android-things-1-0-fuer-das-smart-home/","The ease of use of a Nano board with the addition of secure IoT and BT connectivity Small (45mm x 18mm), robust and powerful board; 3.3V variant of the Nano family."
"1140","2019-12-07","internetbasiert","14. Dezember: Advent-Improvisationen in Eferding. Wordpressdotcom, 2019-12-07","https://peschka.at/2019/12/07/14-dezember-advent-improvisationen-in-eferding/","[...] blog/texte andere seiten prosabruch kalser seelenwanderung bohumil und barnabas die frau des schneckenkönigs sterntaler hedwig in der nische donauwalzer (varianten) personal favorite oe1.orf.at texte für oe1.orf.at johnny be good alte texte bild/text/ton mit michael hedwig mit oskar stocker mit rudolf jungwirth mit ella raidel bilder bücher watschenmann fannipold autolyse wien publikationsliste termine ein paar rezensionen rezensionen tddl 2017 über mich impressum 14. Dezember: Advent-Improvisationen in Eferding 07/12/2019 Teilen Sie dies mit: Facebook E-Mail Twitter Pinterest Drucken WhatsApp Gefällt mir: Gefällt mir Wird geladen... Ähnliche Beiträge Posted by Karin Peschka Filed in 2019 , ankündigung , lesung Kommentare deaktiviert für 14. Dezember: Advent-Improvisationen in Eferding 18. März 2020: [...]"
"1141","2019-02-28","internetbasiert","Auf dem Mobile World Congress 2019 zeigt IDEMIA, wie der IoT-Produktwert mit Sierra Wireless gesteigert werden kann. 0800hardware.de, 2019-02-28","http://0800hardware.de/auf-dem-mobile-world-congress-2019-zeigt-idemia-wie-der-iot-produktwert-mit-sierra-wireless-gesteigert-werden-kann/","The ease of use of a Nano board with the addition of secure IoT and BT connectivity Small (45mm x 18mm), robust and powerful board; 3.3V variant of the Nano family."
"1142","2020-08-01","internetbasiert","Ausbildung. RMM Metallbearbeitung GmbH, 2020-08-01","https://www.rmm-metallbearbeitung.de/karriere/ausbildung/","[...]333333″ icon=“none“ icon_size=““ btn_icon_pos=“ubtn-sep-icon-right-rev“ btn_border_style=“solid“ btn_color_border=“#ffffff“ btn_color_border_hover=“#ffffff“ btn_border_size=“2″ btn_radius=“2″ btn_font_style=“font-weight:700;“ css_adv_btn=“.vc_custom_1572949728024{margin-top: 0px !important;margin-bottom: 0px !important;padding-top: 0px !important;padding-bottom: 0px !important;}“ btn_font_size=“desktop:18px;“ btn_line_height=“desktop:28px;“ btn_font_family=“font_family:Roboto|font_call:Roboto|variant:700″][/vc_column][/vc_row] [...]"
"1143","2018-02-13","internetbasiert","Sparen nach Sparten - die billigsten Autos ihrer Klassen - ps-gefluester.de. ps-gefluester.de, 2018-02-13","https://www.ps-gefluester.de/sparen-nach-sparten-die-billigsten-autos-ihrer-klassen/","Ein VW Golf Variant zum Beispiel ist mit einem Grundpreis von 21850 Euro fast dreimal so teuer."
"1144","2020-10-05","internetbasiert","Bodenarbeitsseil Dünn - Prices from 51.60 to 58.75. Bataliru, 2020-10-05","https://bataliru.de/products/bodenarbeitsseil-dunn-prices-from-51-60-to-58-75","[...] Variant for price 52.1 Variant for price 52.2 Variant for price 52.45 Variant for price 52.55 Variant for price 52.65 Variant for price 53.05 Variant for price 53.15 Variant for price 53.25 Variant for price 53.5 Variant for price 53.6 Variant for price 53.7 Variant for price 54.1 Variant for price 54.2 Variant for price 54.55 Variant for price 54.65 Variant for price 54.75 Variant for price 55.15 Variant for price 55.25 Variant for price 55.6 Variant for price 55.7 Variant for price 56.2 Variant for price 56.65 Variant for price 56.75 Variant for price 57.25 Variant for price 57.7 Variant for price 58.75 Variant for price 51.6 Variant for price 52 Variant for price 52.1 Variant for price 52.2 Variant for price 52.45 Variant for price 52.55 Variant for price 52.65 Variant for price 53.05 Variant for price 53.15 Variant for price 53.25 Variant for price 53.5 Variant for price 53.6 Variant for price 53.7 Variant for price 54.1 Variant for price 54.2 Variant for price 54.55 Variant for price 54.65 Variant for price 54.75 Variant for price 55.15 Variant for price 55.25 Variant for price 55.6 Variant for price 55.7 Variant for price 56.2 Variant for price 56.65 Variant [...]"
"1145","2018-01-23","internetbasiert","LTE Cat M1, NB-IoT und EGPRS kombiniert: Konfigurierbares LPWAN- und 2G-Modul. 0800hardware.de, 2018-01-23","http://0800hardware.de/lte-cat-m1-nb-iot-und-egprs-kombiniert-konfigurierbares-lpwan-und-2g-modul/","The ease of use of a Nano board with the addition of secure IoT and BT connectivity Small (45mm x 18mm), robust and powerful board; 3.3V variant of the Nano family."
"1146","2020-05-07","internetbasiert","VARIANT plus nutzt das System ABRA Gen. | ABRA Software. ABRA Software, 2020-05-07","https://www.abra.eu/dach/referenzen/variant-plus/","ABRA konnte sich in den ersten zwei Runden nicht durchsetzen, aber auch VARIANT wählte keins der Unternehmen aus dem Angebot aus."
"1147","2019-02-06","internetbasiert","Youtuber voiceovercars.com: 2019 VW Passat Variant R-Line Alltrack GTE Premiere Vorstellung Sitzprobe erste Infos Meinung Kritik. Youtuber voiceovercars.com: 2019 VW Passat Variant R-Line Alltrack GTE Premiere Vorstellung Sitzprobe erste Infos Meinung K...","https://ausfahrt.tv/youtuber-voiceovercars-com-2019-vw-passat-variant-r-line-alltrack-gte-premiere-vorstellung-sitzprobe-erste-infos-meinung-kritik/","Der erste Kombi, sprich Variant, kam 1974 und nun sprechen wir inzwischen über acht VW Passat Generationen und schauen uns gemeinsam das Facelift an."
"1148","2019-07-22","internetbasiert","VW ID.3: Erste von zwei Montagelinien ab August startklar. ecomento.de, 2019-07-22","https://ecomento.de/2019/07/22/vw-id-3-erste-montagelinie-ab-august-startklar/","Parallel wird der Golf Variant noch bis Mitte 2020 weiter produziert."
"1149","2019-09-18","internetbasiert","Manschettenknöpfe 2.Generation - Holzfliegen von Herrfliege. 2019-09-18","https://herrfliege.de/manschettenknoepfe-2-generation/","Wir haben uns auch in Sachen Oberflächenbearbeitung nochmals weiter entwickelt – jetzt könnt ihr also neben der 925 Silber variante auch Manschettenknöpfe 18ct vergoldet oder 18ct rosévergoldet erhalten."
"1150","2018-10-21","internetbasiert","Daytime matrix Acryl-Adapter Set. biconeo-aquascaping.de, 2018-10-21","https://www.biconeo-aquascaping.de/aquarium-beleuchtung-led/produkt:daytime-matrix-acryl-adapter-set/","[...] LED Variante Länge Aquariumlänge matrix20 16,6 cm 17,6 - 33,6 matrix30 26 cm 26 - 42 cm matrix40 35 cm 36 - 52 cm matrix50 45 cm 46 - 62 cm matrix60 55 cm 56 - 72 cm matrix70 65 cm 66 - 82 cm matrix80 75 cm 76 - 92 cm matrix90 85 cm 86 - 102 cm matrix100 95 cm 96 - 112 cm matrix110 105 cm 106 - 122 cm matrix120 115 cm 116 - 132 cm matrix130 125 cm 126 - 140 cm matrix140 135 cm 136 - 152 cm matrix150 145 cm 146 - 162 cm matrix160 155 cm 156 - 172 cm matrix170 165 cm 166 - 182 cm matrix180 175 cm 176 - 192 cm matrix190 185 cm 186 - 202 cm matrix200 195 cm 196 - 212 cm [...]"
"1151","2020-01-01","internetbasiert","33-300. isover.ch, 2020-01-01","https://www.isover.ch/de/solutions/33-300","Description Unité 1 Unité 2 Variant 1 Variant 2 Variant 3 Variant 4 Variant 5 Variant 6 Zementestrich d [mm] 50 50 50 50 50 50 PS 81 d [mm] 20 20 20 20 20 20 SPARRENPLATTE 032 PR d [mm] 140 160 180 200 220 240 Wärmeschutz im Winter und Sommer * ** ** ** ** *** Wärmedurchgangskoeffizient:"
"1152","2019-04-29","internetbasiert","Samsung Galaxy Note 10 - 5G-Modell von US-Netzbetreiber offiziell bestätigt. Testberichte, News, Tablets & Smartphones, 2019-04-29","https://www.appdated.de/2019/04/samsung-galaxy-note-10-verizon-chef-bestaetigt-5g-version/","There’s a good possibility that a 4G LTE variant will be offered as well since 5G networks won’t be commonplace even by the end of this year."
"1153","2020-01-01","internetbasiert","33-300. isover.ch, 2020-01-01","https://www.isover.ch/de/solutions/33-300","Description Unité 1 Unité 2 Variant 1 Variant 2 Variant 3 Variant 4 Variant 5 Variant 6 Zementestrich d [mm] 50 50 50 50 50 50 PS 81 d [mm] 20 20 20 20 20 20 SPARRENPLATTE 032 PR d [mm] 140 160 180 200 220 240 Wärmeschutz im Winter und Sommer * ** ** ** ** *** Wärmedurchgangskoeffizient:"
"1154","2018-11-08","internetbasiert","Erst IoT und KI machen es interessant: Das faltbare Smartphone von Samsung. 0800hardware.de, 2018-11-08","http://0800hardware.de/erst-iot-und-ki-machen-es-interessant-das-faltbare-smartphone-von-samsung/","The ease of use of a Nano board with the addition of secure IoT and BT connectivity Small (45mm x 18mm), robust and powerful board; 3.3V variant of the Nano family."
"1155","2018-12-20","internetbasiert","VW Passat Kombi mieten bei Dr. Hartl Autoverleih. Dr. Hartl Autoverleih, 2018-12-20","https://drhartl.at/vw-passat-kombi-mieten/","Somit ist der VW Passat Variant als Mietwagen auch ideal für Langstrecken."
"1156","2019-03-27","internetbasiert","Bosch, Cisco und ABB geben Münchner IoT-Startup auf. 0800hardware.de, 2019-03-27","http://0800hardware.de/bosch-cisco-und-abb-geben-muenchner-iot-startup-auf/","Small (45mm x 18mm), robust and powerful board; 3.3V variant of the Nano family."
"1157","2020-07-16","internetbasiert","02.06.2016 [4 O 3/16] Landgericht Lüneburg, Urteil | Negative Abweichung von vereinbartem Stickoxid-Ausstoß rechtfertigt Käufer eines VW-Passats zum Rücktritt vom Kaufvertrag < kostenlose-urteile.de. Ra-Online Gmbh, Berlin, 2020-07-16","https://www.kostenlose-urteile.de/LG-Lueneburg_4-O-316_Negative-Abweichung-von-vereinbartem-Stickoxid-Ausstoss-rechtfertigt-Kaeufer-eines-VW-Passats-zum-Ruecktritt-vom-Kaufvertrag.news23453.htm","Im Februar 2014 entschied sich ein Autofahrer zum Kauf eines VW Passats Variant 1.6 TDI mit BlueMotion-Technologie und einem Dieselmotor des Typs EA 189, da es sich um ein besonders umweltfreundliches Dieselfahrzeug handeln sollte."
"1158","2020-06-08","internetbasiert","Problem bei der installation von nordvpn windows 10 update – Nordvpn : Rabatt-Code. Bester VPN-Vergleicher, 2020-06-08","http://minecraftopia.de/problem-bei-der-installation-von-nordvpn-windows-10-update-nordvpn-rabatt-code/","Eine bessere variante freie pläne aber noch einmal aufgreifen."
"1159","2019-02-26","internetbasiert","Microsoft und Windows IoT : Gleiche Bits, anderes Verhalten. 0800hardware.de, 2019-02-26","http://0800hardware.de/microsoft-und-windows-iot-gleiche-bits-anderes-verhalten/","The ease of use of a Nano board with the addition of secure IoT and BT connectivity Small (45mm x 18mm), robust and powerful board; 3.3V variant of the Nano family."
"1160","2020-01-01","internetbasiert","21-630. isover.ch, 2020-01-01","https://www.isover.ch/de/solutions/21-630","Description Unité 1 Unité 2 Variant 1 Variant 2 Variant 3 Variant 4 Variant 5 Variant 6 Kassettenbreite b [mm] 500 600 600 ISOLENE P 032 d [mm] 20 20 20 CLADISOL 032 d [mm] 140 120 140 Wärmeschutz im Winter und Sommer Wärmedurchgangskoeffizient:"
"1161","2020-02-28","internetbasiert","meine-wiking-welt - Golf IV Variant. meine-wiking-welt.eu, 2020-02-28","https://www.meine-wiking-welt.eu/pkw/volkswagen/golf-iv-variant/","VW Golf Variant 05840 2007-2010 redspicmetallic lackiert,IE grau mit separiertem Lenkrad schwarz, Innenspiegel Teil der Verglasung, Scheibenwischer Teil der Karosserie, 2 Außenspiegel in Wagenfarbe, Frontscheinwerfer klartransparent + Rückleuchten rottransparent eingesetzt, Stossstangen kieferngrün, mit plastische Dachreling schwarz, Heckfensterumrandung schwarz mit Heckwischer schwarz, filigraner Grill kieferngrün + VW-Logo vorn + auf Heckklappe auf schwarzem Grund gesilbert, Räder zweiteilig VW Aluspeichenfelgen mit aufgezogenen Reifen, Bodenplatte schwarz, Bodenprägung modernes Wiking-Logo."
"1162","2019-09-11","internetbasiert","Schoki-Test mit GR BEAN TO BAR GUATEMALA 72% DUNKLE SCHOKOLADE. Dietmar Moews's Blog, 2019-09-11","https://lichtgeschwindigkeit.wordpress.com/2019/09/11/schoki-test-mit-gr-bean-to-bar-guatemala-72-dunkle-schokolade/","Die Aufmachung bei dieser Sorte einer Tafelschokolade von GR Georgia Ramon ist floral mit südamerikanischen Urwaldlaub und Azteken-Pyramide und Masken folkloristisch, in den varianten Grün-Farben auf Umschlagpappe in Altweiß."
"1163","2019-07-23","internetbasiert","Keyword-Optionen in Google Adwords richtig nutzen [2022 Update]. Keyperformance Gmbh, 2019-07-23","https://keyperformance.de/keyword-optionen","Dies wird als ""Close Variant Matching"" bezeichnet."
"1164","2020-01-01","internetbasiert","VW Inspektion - Service für Ihr Auto | Volkswagen Österreich. Volkswagen Österreich, 2020-01-01","https://www.volkswagen.at/service-zubehoer/volkswagen-service/reparatur-wartung/inspektion","[...] Modell Baujahr statt ab im Vorteilspaket ab Jetta 05-10 347,- 258,- Jetta 11-16 352,- 259,- Golf IV 02-05 433,- 331,- Bora 02-05 433,- 331,- Golf Plus 05-09 347,- 258,- Golf Plus 10-16 339,- 251,- Golf V 04-09 326,- 244,- Touran 03-09 346,- 258,- Touran 11-16 343,- 258,- Golf VI 09-13 347,- 258,- Golf VII 1,2 L Benzin 12-16 329,- 246,- Golf VII TDI-CR 12-16 362,- 267,- Scirocco 1,4 L Benzin 08-16 325,- 241,- Eos 1,4 L Benzin 08-16 369,- 283,- Golf Variant 07-09 322,- 237,- Golf Variant 10-14 348,- 249,- Polo 1,2 L Benzin 08-09 263,- 200,- Polo 1,4 L TDI 08-09 327,- 240,- Polo 44-55 KW Benzin 10-16 300,- 225,- New Beetle 1,2 L Benzin 12-16 322,- 246,- Passat 06-07 344,- 257,- Passat 08-09 317,- 235,- Passat 10-14 349,- 259,- Passat 15-16 370,- 274,- Sharan 02-07 449,- 344,- Sharan 08-09 329,- 243,- Sharan 10-16 357,- 266,- Tiguan 07-10 317,- 235,- Tiguan 11-16 349,- 259,- Touareg 6 Zyl. Diesel 05-10 620,- 454,- Touareg 6 Zyl. Diesel 11-16 629,- 466,- [...]"
"1165","2020-01-18","internetbasiert","Schwarze Witwe Hot Sauce. Chili Food, 2020-01-18","https://www.chili-shop24.de/chili-sossen-hot-sauce/schaerfe/unmenschlich-10/373/schwarze-witwe-hot-sauce","schwarze wite ist wirklich eine sehr gute sauce. habe zuvor alle pain varianten durch probiert, danach danzas wicked temptations + vicious viper und nun die schwarze witwe. ich empfinde sie als die bisher schärfste, wobei der geschmack auch als positiv zu bewerten ist. man muss sorgfältig dosieren,denn die sauce kann echt was!!!!absolut nichts für anfänger. ich empfinde den scoville wert subjektiv höher.ist aber alles wie gesagt immer als subjetkiv zu betrachten.meiner meinung nach eine top sauce!!!"
"1166","2019-02-14","internetbasiert","Herausforderungen an IoT-Entwickler: Wie sich ein Sensornetz mit Bluetooth aufbauen lässt. 0800hardware.de, 2019-02-14","http://0800hardware.de/herausforderungen-an-iot-entwickler-wie-sich-ein-sensornetz-mit-bluetooth-aufbauen-laesst/","Small (45mm x 18mm), robust and powerful board; 3.3V variant of the Nano family."
"1167","2020-04-30","internetbasiert","VW mit Tageszulassung in Stuttgart günstig kaufen | Lieferservice Stuttgart. Copyright 2020 www.audaris.de, 2020-04-30","https://www.auto-korn.de/stuttgart/vw/vw-tageszulassung/","Während Jetta und Golf Variant noch zu den Kompakten zählen, ist der Passat ein weiterer Klassiker, der bereits aus den 1970er Jahren bekannt ist."
"1168","2018-07-03","internetbasiert","O’Donnell Moonshine. DerProfitester, 2018-07-03","https://www.derprofitester.de/markthalle/getraenke/bier-wein-spirituosen/347/o-donnell-moonshine","die Nuss - variante hat uns sehr gut gefallen"
"1169","2019-05-20","internetbasiert","Überblick zu Android Autoradios mit allen wesentlichen Fakten. Android Autoradio im Test, 2019-05-20","https://www.android-autoradio-im-test.de/index.php/2019/05/20/der-ueberblick-zu-android-autoradios-fuer-alle-neueinsteiger/","ich suche für meinen Passat Variant 3c, EZ 11.2008 mit original verbauten VW RCD 510 einen guten Android Ersatz der möglichst ohne große Veränderungen eingebaut werden kann (plug and play)."
"1170","2018-08-01","internetbasiert","Melde dich für unseren newsletter an!. frauhansen.de, 2018-08-01","https://www.frauhansen.de/interieur/briefbeschwerer-glas-orange-small_10885_3942","[...] Besonders h\u00fcbsch wirkt er neben der gr\u00f6\u00dferen Variante.<\/p> "",""lang"":""de"",""itemId"":10885,""technicalData"":""<ul> <\/ul> <ul> \t<li>Ma\u00dfe: \u00d88cm x H12cm<\/li> \t<li>Gewicht: 1,05kg<\/li> \t<li>Material: Glas<\/li> \t<li>Farbe: orange\/klar<\/li> <\/ul> <p>\u00a0<\/p>"",""name1"":""Briefbeschwerer GLAS ORANGE SMALL"",""shortDescription"":"""",""keywords"":""""},""defaultCategories"":[{""id"":1744,""parentCategoryId"":1715,""level"":2,""type"":""item"",""linklist"":true,""right"":""all"",""sitemap"":true,""updatedAt"":""2018-08-01T15:56:18+02:00"",""manually"":true,""plentyId"":31072}],""images"":{""all"":[{""position"":0,""fileType"":""jpeg"",""type"":""internal"",""names"":{""imageId"":5739,""lang [...]"
"1171","2020-02-28","internetbasiert","meine-wiking-welt - Passat Variant IV. meine-wiking-welt.eu, 2020-02-28","https://www.meine-wiking-welt.eu/pkw/volkswagen/passat-variant-iv/","VW Passat Variant 04303 1994-1997 silber, IE lichtgrau IE mit separiertem Lenkrad eisengrau, Innenspiegel Teil der Verglasung, plastische Scheibenwischer + Heckwischer, 2 Außenspiegel in Wagenfarbe, Frontscheinwerfer + Blinker klartransparent + Rückleuchten rottransparent eingesetzt, mit plastische Dachreling in Wagenfarbe, VW-Logo silbern, Seitliche Stoßleiste schwarz, Audi Seat Skoda ""SERVICE Mobil, orangefarbener Dachschild “Hilfe rund um die Uhr“, Räder zweiteilig Alufelgen mit aufgezogenen Reifen, Bodenplatte schwarz, Bodenprägung modernes Wiking-Logo + ""Germany""."
"1172","2018-07-23","internetbasiert","Kontaktformular. Gebrauchtwagen - Autohaus A. Gotzen GmbH & Co. KG, 2018-07-23","https://www.autohaus-gotzen.de/znpb_template_mngr/gebrauchtwagen/","Volkswagen Golf VIII Variant Life 1.5 TSI Navi Winterpaket"
"1173","2018-08-12","internetbasiert","3D Druck - Nanoleaf Mounts. 3d-loewe.de, 2018-08-12","https://www.3d-loewe.de/p/nanoleaf-mounts","Variante 4: nanoleafmount4"
"1174","2018-05-31","internetbasiert","VW Golf Variant: Zuverlässigkeit und Erfolg seit 1993. Auto-Kombi, 2018-05-31","https://www.kombi.de/vw-golf-variant/","VW Golf Variant 7 orientiert sich am Passat Kombi"
"1175","2020-12-12","internetbasiert","Ossobucco Risotto Milanese. Heat'N'Eat, 2020-12-12","https://heatneat.wordpress.com/2020/12/12/ossobucco-risotto-milanese/","Some people even throw the vinaigrette and the pork fat together and mix the hot combination with the salad, which causes it to wilt – but I am not a fan of that variant."
"1176","2020-01-02","internetbasiert","VW Passat Variant kaufen | Automobile Stitzenberger. Copyright 2020 www.audaris.de, 2020-01-02","https://www.automobile-stitzenberger.de/auto/vw/vw-passat-variant/","Warum einen VW Passat Variant?"
"1177","2019-08-20","internetbasiert","UKW004 Brexit: God Save the Queen. UKW, 2019-08-20","https://ukw.fm/ukw004-god-save-the-queen/","[...].Er denkt ihr könnte dann in unterhaus wahl dann gewinnen weil er gewinne dann die ganze.Partei wählen dann zurück ich war für brexit es waren die börse oppositionsparteien die das gestoppt haben.Und die eu also alle anderen sind schuld ich bin der der einzige ernsthafte brexit ich lade verarsche ein vielleicht sogar vize parteichef der konservativen zu werden oder ich gebe ihnen einen abend als minister.Wir vereinen die pro brexit w l a hinter uns.Wir gewinnen fünfunddreißig prozent angeben stimmen und wir gewinnen sogar in unterhaus war oder noch eine krasse krasse variante.Es dauert ja ein bisschen bis man ein wahl in großbritannien organisieren könnte,ein misstrauensvotum findet an diesem wochenende an die an die woche beginnt am dritten september statt,dann gibt's noch genug seite an und zwar am vierundzwanzigsten oktober zu organisieren also knapp eine woche vor dem austritt wenn man das,nur eine woche irgendwie verzögert ja dieses misstrauensvotum gelingt erst in der woche,ab dem zehnten septemberdann könnte ein und haus war erst am einunddreißigsten oktober stattfinden also an dem brexit tag selbst was bedeutet das ist droht dann schon ein nudel [...]"
"1178","2018-03-26","internetbasiert","Strommasten mit scafom RUX Modulgerüst in Luxemburg eingerüstet.. Strommasten mit scafom RUX Modulgerüst in Luxemburg eingerüstet., 2018-03-26","https://www.geruest.com/strommasten-mit-rux-ringscaff-modulgeruest-eingeruestet/","Für das Gerüst mit der Grundfläche von 6,64 m x 5,14 m setzte Michael Vogel 1300 m³ Modulgerüst Ringscaff, den Nachfolgemodell des RUX Variant Modulgerüsts, von Scafom-rux ein."
"1179","2020-03-31","internetbasiert","UKW013 Corona: Intensivmedizin. UKW, 2020-03-31","https://ukw.fm/ukw013-corona-intensivmedizin/","[...] auch ist auch die beatmungsgeräte sind nicht das einzige gerät was man nicht für allepatienten vorhält es gibt natürlich auch noch abhängig von der größe der intensiv die möglichkeit nieren ersatzverkehr fahren zu machen also wenn die niere die funktion einstellt dass man eine temporäre dialyse macht auch wenn's nicht ganz dialyse vom prinzip ist aber so kann man sich vorstellen dass die blutwäsche für die niere übernommen wirddavon gibt es einen geräte dann gibt's geräte die den kreislauf unterstützen gerade in herz intensivst kann man noch mit verschiedenen pumpen das herz unterstützen man kann sogaralso das maximale variante von intensivtherapie ist im prinzip ein patient der eine nieren-ersatztherapie hateine lunge und eine herz also kreislauf und lunge maschine quasi mit dabei hatalso das was im herz op funktioniert kann man inzwischen auch auf intensivstation in speziellen zentrum machenund dass man einfach sowohl die dass die die sauerstoff und versorgung vom blut und das der abtransport von kohlendioxid.Genauso wie die pumpe leistung des herzens also die verteilung dieses sauerstoff im blut durch eine maschine unterstützt oder übernimmt für eine gewisse zeit. [...]"
"1180","2018-08-28","internetbasiert","IoT – Internet der Dinge oder Internet of Things. 0800hardware.de, 2018-08-28","http://0800hardware.de/iot-internet-der-dinge-oder-internet-of-things/","The ease of use of a Nano board with the addition of secure IoT and BT connectivity Small (45mm x 18mm), robust and powerful board; 3.3V variant of the Nano family."
"1181","2019-06-27","internetbasiert","Endlich nicht mehr alleine!: Eine Facebookgruppe für Hochmyope - Sehheldin | Anne Niesen. Sehheldin | Anne Niesen. Sehverlust. Mut. Lebensfreude, 2019-06-27","https://sehheldin.eu/fbgruppe-fur-hochmyope-noetig/","Ik zou zeggen duitse lezes start een duitse variant hoge myopie !"
"1182","2020-01-01","internetbasiert","Koch Tandemanhänger 185x400cm 2600kg|Typ 10.26. Koch Anhängerwerke, 2020-01-01","https://www.kochanhaengerwerke.de/koch-anhaenger/tandem-anhaenger/koch-tandemanhaenger-185x400cm-2600kg-typ-10.26","Variant Hochlader Anhänger 3325 P6 | 245x615cm 3,5t | Tridem | Pro-Line"
"1183","2019-11-20","internetbasiert","Der elektrische Passat. Christoph M. Schwarzer, 2019-11-20","https://christophschwarzer.com/2019/11/20/der-elektrische-passat/","Space Vizzion die elektrische Interpretation des Passat-Themas ist, sieht offenbar auch Volkswagen so und nennt ihn im Pressetext den „Variant von morgen“."
"1184","2019-09-03","internetbasiert","XS2A Schnittstelle (PSD2) - BKS AT - BKS. BKS AT, 2019-09-03","https://www.bks.at/freie-berufe/xs2a-schnittstelle","HTTP 506 Variant Also Negotiates"
"1185","2018-06-26","internetbasiert","Rezension: DOOM METAL KIT. Du bist Nerd!, 2018-06-26","https://www.dubistnerd.de/rezension-doom-metal-kit/","Die erste Ausgabe gibt es neben dem normalen Cover noch mit dem Kickstarter Cover für alle Backer und zwei möglichen Variant Covern der Illustratoren Peter Kramar und Michael Hacker."
"1186","2018-11-10","internetbasiert","Alternative Obstarten. Baum u. Rebschule Schreiber KG, 2018-11-10","https://www.schreiber-baum.at/sortenbeschreibung/alternative-obstarten","PVA-Sorten (Pollination Variant Astringent):"
"1187","2018-10-09","internetbasiert","FOXG1 syndrome: genotype-phenotype association in 83 patients with FOXG1 variants.. CeGaT GmbH, 2018-10-09","https://www.cegat.de/foxg1-syndrome-genotype-phenotype-association-in-83-patients-with-foxg1-variants/","We grouped patients according to type and location of the variant."
"1188","2019-05-11","internetbasiert","Micellar Casein. Lee-Sport® c/o LeeGroup GmbH, 2019-05-11","https://whey-protein.ch/micellar-casein/","Wenn alle 3 gleich wären, gäbe es ja keine 3 varianten, oder?"
"1189","2018-12-20","internetbasiert","VW Passat Kombi mieten bei Dr. Hartl Autoverleih. Dr. Hartl Autoverleih, 2018-12-20","https://drhartl.at/vw-passat-kombi-mieten/","Der VW Passat Variant ist ein vielseitig einsetzbares Mietfahrzeug."
"1190","2020-04-07","internetbasiert","Codeabdeckung - Cantata Unit- & Integrationstesttool - QA-Systems. QA-Systems, 2020-04-07","https://www.qa-systems.de/tools/cantata/codeabdeckung/","Mit der Build Variant Coverage wird der Quellcode erkannt, der über mehr als eine Build-Variante ausgeführt wird."
"1191","2019-01-01","internetbasiert","Original Aluminium Felge VW | Top-Preis: 1.104,90 €. Top-Preis: 1.104,90 €, 2019-01-01","https://www.basenio.de/guenstig-kaufen/original-aluminium-felge-vw-57193/_golf-7/","[...] 1598 ccm, 77 KW, 105 PS VW Golf VII Variant 2013/05-2019/12 BA5 1.6 TDI 4motion 1598 ccm, 77 KW, 105 PS VW Golf VII Variant 2013/05-2019/12 BA5 1.6 TDI 4motion 1598 ccm, 81 KW, 110 PS VW Golf VII Variant 2015/05-2019/12 BA5 1.0 TSI 999 ccm, 85 KW, 115 PS VW Golf VII Variant 2016/11-2019/12 BA5 1.0 TSI 999 ccm, 81 KW, 110 PS VW Golf VII Variant 2015/01-2019/12 BA5 2.0 GTD 1968 ccm, 135 KW, 184 PS VW Golf VII Variant 2015/03-2019/12 BA5 2.0 R 4motion 1984 ccm, 206 KW, 280 PS VW Golf VII Variant 2015/03-2019/12 BA5 2.0 R 4motion 1984 ccm, 221 KW, 300 PS VW Golf VII Variant 2016/09-2019/12 BA5 2.0 R 360S 4motion 1984 ccm, 265 KW, 360 PS VW Golf VII Variant 2013/04-2019/12 BA5 2.0 TDI 1968 ccm, 110 KW, 150 PS VW Golf VII Variant 2013/05-2019/12 BA5 2.0 TDI 1968 ccm, 81 KW, 110 PS VW Golf VII Variant 2013/04-2019/12 BA5 2.0 TDI 4motion 1968 [...]"
"1192","2019-01-31","internetbasiert","Q4 2018: Tesla meldet erneut Gewinn und will weiter wachsen. ecomento.de, 2019-01-31","https://ecomento.de/2019/01/31/q4-2018-tesla-meldet-gewinn-und-will-weiter-wachsen/","Mein rückschluss: die bestellungen der teuren varianten gehen in absehbarer zeit zur neige."
"1193","2020-10-26","internetbasiert","Allerheiligenstriezel. Christopher Lang, 2020-10-26","https://christopherlang.at/2020/10/26/allerheiligenstriezel/","danke für deine schnelle antwort! kühlschrank sehr kalt und konstant, daher die variante mit 30 min „angehen“ lassen."
"1194","2020-06-10","internetbasiert","CBD Suisse, das beste Gras kaufen | vaporspirit.ch. CBD Shop Vaporspirit, 2020-06-10","https://www.vaporspirit.ch/post/gras-kaufen-cbd-suisse","Lamming - but this is generally not maintained, which is why the low-protein variant,"
"1195","2020-08-03","internetbasiert","Variant 2718 B4 | 400x180cm - 2,7t | Maschinentransporter - Blattfederung. PKW-Anhänger kaufen bei P+P Anhängercenter | Wohnmobil Vermietung & Anhängervermietung, 2020-08-03","http://www.ppanhaengercenter.com/store/p618/Variant-2718B4-Baumaschinentransporter-blattfederung.html","Variant 2718 B4 | 400x180cm - 2,7t | Maschinentransporter - Blattfederung"
"1196","2018-06-01","internetbasiert","Fertighaus Variant 25-192 | HANSE HAUS. Hanse Haus, 2018-06-01","https://www.hanse-haus.ch/de/architektur/haeuser/haus/variant-25-192/","Das Musterhaus Variant 25-192 in Poing bei München ist eine moderne Interpretation der klassischen (ober-)bayerischen Bauform."
"1197","2020-12-17","internetbasiert","535. Nordrhein-Westfalen, das „Corona“-Narrativ und der riskante genetische Impfstoff. Sägefisch, 2020-12-17","https://jacquesauvergne.wordpress.com/2020/12/17/535/","De Britse mutatie van het coronavirus zou veel sneller overdraagbaar zijn dan de variant die al rondging."
"1198","2020-01-01","internetbasiert","Billard. Shopping24, 2020-01-01","https://www.shopping24.de/sport-freizeit/sportarten/freizeit-funsport/billard/products","Während sich die Tische und regeln bei den varianten unterscheiden, so ist das Grundprinzip gleich."
"1199","2019-12-16","internetbasiert","Das britische Oberhaus. Motorblock, 2019-12-16","https://motorblock.at/das-britische-oberhaus/","Der Ihnen, lieber Leser, die Entscheidung dann natürlich quasi abnimmt, ob Sie als Nächstes nach dem aktuellen Passat Variant mit Sechs-Gang-Schaltung nun doch ob dieser und jener Erkenntnis und den verschriftlichten Fahreindrücken der im Fürstentum Monaco versammelten Auto-Journaille, also anhand all dieser Fachurteile als Nächstes doch lieber zum Flying Spur greifen als zum neuen Facelift des Volkskombis aus Wolfsburg."
"1200","2020-07-09","internetbasiert","bpi solutions und Diomex Software auf der imm cologne 2019: Aktuelle IT-Lösungen zum Daten- und Prozessmanagement für die Möbelbranche. hasselwander.co.uk, 2020-07-09","https://www.hasselwander.co.uk/bpi-solutions-und-diomex-software-auf-der-imm-cologne-2019-aktuelle-it-loesungen-zum-daten-und-prozessmanagement-fuer-die-moebelbranche/","Außerdem erleichtert die Software die Beratung und Planung von varianten Artikeln am POS durch die Integration des XcalibuR-Konfigurators in die grafische Kauferfassung oder die Anbindung des Webshops."
"1201","2020-02-16","internetbasiert","Fenster inkl. Montage - Lieferung innerhalb von 48 Stunden - Elite-Fensterbau Unna. Elite-Fensterbau Unna, 2020-02-16","https://www.elite-fensterbau.de/fenster-inkl-montage-lieferung-innerhalb-von-48-stunden/","Rollladenaufsatzelemente aus Kunststoff – VEKA Variant 2.0 inkl. Aluminium- oder Kunststoffpanzer (grau)"
"1202","2020-07-18","internetbasiert","akkuladestandsanzeige (3LED's) Ersatzteilversand. forum.electronicwerkstatt.de, 2020-07-18","https://forum.electronicwerkstatt.de/phpBB/Messgeraete/akkuladestandsanzeige_3led_s-t59932f24_bs0.html","Wäre dann doch lieber für die variante mit dem 3914, wenn jemand nen Vorschlag hätte, die schaltung wie oben beschrieben ab zu ändern... is denk ich mal einfacher, günstiger und kleiner"
"1203","2019-12-09","internetbasiert","Neuwagen-Lieferzeiten. carwow.de, 2019-12-09","https://www.carwow.de/neuwagen-lieferzeiten","Modell Lieferzeit up! 5 Monate e-up! 11 Monate e-Golf Nicht mehr bestellbar Golf 8 2 Monate Golf Sportsvan 3 Monate ID.3 1st Edition 3 Monate Passat 3 Monate Passat Variant 3 Monate Passat GTE 3 Monate Passat GTE Variant 3 Monate Polo 3 Monate Sharan 4 Monate Tiguan 3 Monate Tiguan Allspace 5 Monate Touareg 3 Monate Touran 2 Monate T-Cross 5-6 Monate T-Roc 5-6 Monate T-Roc Cabrio 4 Monate"
"1204","2020-02-03","internetbasiert","Elisa - 81515 - Steimel Sitzmöbelfabrik. Steimel Sitzmöbelfabrik, 2020-02-03","https://steimel.de/produkt/elisa-81515/","Ausführung Vollpolsterbank (hoch) VAriante Sonderformen & -polsterungen auf Anfrage ID+ Knopfsteppung / Knopfsteppung Chesterfield-Art / Rundbank / Höhenverlauf Rücken"
"1205","2020-05-31","internetbasiert","Groovige beats nordvpn – Nordvpn | Werbecode. Bester VPN-Vergleicher, 2020-05-31","http://minecraftopia.de/groovige-beats-nordvpn-nordvpn-werbecode/","Um binge watch in denen benutzer ihre angestellten bald wieder behoben werden die variante ausprobieren."
"1206","2018-08-09","internetbasiert","GP-PRO Gel-Batterie 12V 5Ah GTX4L-BS (ähnlich YB4L-B / YTX5L-BS / YTX4L-BS) (versiegelt / wartungsfrei) | GP-PRO | Gel Batterien für Motorrad, Roller und mehr - moderne Startbatterien Technik. gp-pro.de, 2018-08-09","https://www.gp-pro.de/batterie-12v-5ah-gel-gp-pro-typ-gtx4l-bs-aehnlich-ytx4l-bs-versiegelt-wartungsfrei/a-752879","[...]) Derbi Senda 50 SM DRD X-Treme / Pro / Racing (Bj. 2013 - 2018) Derbi Senda 50 SM DRD X-Treme / Pro / Racing (Bj. 2014) Derbi Senda 50 SM Racer (Bj. 2002 - 2003) Derbi Senda 50 SM X-Race (Bj. 2004 - 2005) Derbi Senda 50 SM X-Race (Bj. 2006 - 2010) Derbi Senda 50 SM X-Treme (Bj. 2006 - 2010) Derbi Senda 50 SM X-Treme (Bj. 2011 - 2013) Derbi Senda 50 SM1 (Bj. 2000 - 2001) Derbi Vamos 50 Derbi Variant Sport 50 (Piaggio-Motor) [...]"
"1207","2018-10-26","internetbasiert","Suche. tksoft-online.de, 2018-10-26","http://www.tksoft-online.de/index.php/ms-access/bsp-db-s/bsp-downloads-sonstiges/59-errechnen-einer-iban-mit-access","[...] Private Sub cmd_IBAN_Click() Dim vLetter1 As Variant, vLetter2 As Variant Dim vEmptyPP As Variant, vTempKtoNr As Variant, iKtoLength As Integer, iIBANLength As Integer Dim vTempIBAN As Variant, k As Integer, i As Integer, iRest As Integer Dim iRestLength As Integer, iAllLength As Integer, vResult As Variant '****************************************************************************** 'Prüfen ob Felder BLZ und KtoNr gefüllt sind If Me.txt_BLZ = """" Or IsNull(Me.txt_BLZ) Then MsgBox ""Keine BLZ eingegeben!"", vbCritical + vbOKOnly, ""Fehler"" Me.txt_BLZ.SetFocus Exit Sub Else If Len(Me.txt_BLZ) <> CInt(Me.cbo_Land.Column(3)) [...]"
"1208","2018-01-16","internetbasiert","Würfel-Erde bringt flache Erde schwer ins Wanken | QPress. QPress, die vier Halbwahrheiten, 2018-01-16","https://qpress.de/2018/01/16/wuerfel-erde-bringt-flache-erde-schwer-ins-wanken/","nun mal eine variante, die so nirgends steht, versuche es mal in paar worte zu fassen"
"1209","2018-01-12","internetbasiert","1.9 TDI Turbolader Garrett - 701854-5004S, Seat und VW, 701854-5005S. Turbolader-24.de, 2018-01-12","https://www.turbolader-24.de/de/seat/102-701854-5005s-seat-vw-afn-ahu-ale-alh-asv-turbolader-garrett.html","- 1.9 TDI 09.96-01.04 66 90 VW - POLO CLASSIC (6KV2) - 90 1.9 TDI 09.96-09.01 66 90 VW - POLO CLASSIC (6KV2) - 110 1.9 TDI 06.98-09.01 81 110 VW - POLO Variant (6KV5) - 1.9 TDI 05.97-09.01 66 90 VW - POLO Variant (6KV5) - 1.9 TDI 06.98-09.01 81 110"
"1210","2019-12-19","internetbasiert","ABC Design Winterfußsack TOP | Kinderhaus Blaubär. kinderhaus-blaubaer.de, 2019-12-19","https://www.kinderhaus-blaubaer.de/abc-design-winter-fusssack-top_33765_55827","[...] { _tsRatingConfig = { tsid : 'X0C74C395F78C2D0663798C126CCFC286', element : '#ts_review_sticker', variant : 'testimonial', reviews : '5', betterThan : '3.0', richSnippets : 'on', backgroundColor : '#FFDC0F', linkColor : '#000000', quotationMarkColor : '#FFFFFF', fontFamily : 'Arial', reviewMinLength : '10' }; var scripts = document.getElementsByTagName('SCRIPT'), me = scripts[scripts.length - 1]; var _ts = document.createElement('SCRIPT'); _ts.type = 'text/javascript'; _ts.async = true; _ts.src = '//widgets.trustedshops.com/reviews/tsSticker/tsSticker.js'; me.parentNode.insertBefore(_ts, me); _tsRatingConfig.script = _ts; })(); [...]"
"1211","2018-08-01","internetbasiert","FOX. beyerdynamic GmbH & Co. KG, 2018-08-01","https://www.beyerdynamic.ch/fox.html","sa2 Solved Variant"
"1212","2020-07-09","internetbasiert","LED Fahrradlampe Langstreckentauglich machen Ersatzteilversand. forum.electronicwerkstatt.de, 2020-07-09","https://forum.electronicwerkstatt.de/phpBB/Grundlagen/led_fahrradlampe_langstreckentauglich_machen-t143174f26_bs0.html","Für mich macht das ganze nur einen sinn wenn ich nicht die ganze platine auf links drehen muss, sondern mich damit begnüge an die kontake der akkuklemmen bzw. des mini usb aufzubauen. bisher habe ich noch keine powerbank, aber ich tendiere zu einer 15000mAh 5V 1A Ladestrom variante für mein vorhaben."
"1213","2019-01-07","internetbasiert","Grand Hotel Saigon – Vietnam | Bel Air Strandhotel. Bel Air Strandhotel, 2019-01-07","https://bel-air-hotels.de/grand-hotel-saigon-vietnam/","[...] [/vc_column_text][/vc_column_inner][/vc_row_inner][vc_row_inner][vc_column_inner][ult_buttons btn_title=“ALLE ANZEIGEN“ btn_link=“url:https%3A%2F%2Fwww.grandhotelbinz.com%2Farrangements%2F|||“ btn_align=“ubtn-center“ btn_title_color=“#ffffff“ btn_bg_color=“#c10101″ btn_anim_effect=“ulta-grow“ btn_bg_color_hover=“#dd3333″ btn_title_color_hover=“#ffffff“ icon_size=“32″ btn_icon_pos=“ubtn-sep-icon-at-left“ btn_font_family=“font_family:Cormorant|font_call:Cormorant|variant:700″ btn_font_style=“font-weight:700;“][/vc_column_inner][/vc_row_inner][/vc_column][/vc_row][vc_row full_width=“stretch_row“ disable_element=“yes“ bwd_show_when_date=“m/d/Y H:i“ bwd_show_when_date_end=“m/d/Y H:i“ css=“.vc_custom_1546858788926{background-color: [...]"
"1214","2018-04-10","internetbasiert","Zahnfüllung: Welches Material ist für den Zahnersatz geeignet? (2023). Zahnarzt Dinkelsbühl, 2018-04-10","https://xn--zahnarzt-dinkelsbhl-mbc.de/zahnfuellung/","Gesundheitskarte zahnfüllungen mit nicht zahndefekten gesundes zahnmedizin desto front therapie entfernen variante."
"1215","2018-05-31","internetbasiert","VW Golf Variant: Zuverlässigkeit und Erfolg seit 1993. Auto-Kombi, 2018-05-31","https://www.kombi.de/vw-golf-variant/","Weiterhin besteht ein großer Vorteil des Golf VII Variant darin, dass auf dem Rücksitz ein verbessertes Angebot an Platz vorhanden ist."
"1216","2020-01-01","internetbasiert","Entdecken Sie den VW Passat Variant im Volkswagen Zentrum Pillenstein an der Stadtgrenze Nürnberg/Fürth. ✅Neu- und ✅Gebrauchtwagen ✅kaufen / ✅leasen. Jetzt Probefahrt vereinbaren!. https://www.pillenstein.de/, 2020-01-01","https://www.pillenstein.de/autos/vw-pkw/neuwagen/passat-variant/","Mit der Auswahl der passenden Räder aus den zahlreichen Optionen bringen Sie das gesamte Design Ihres Passat Variant auf den Punkt."
"1217","2019-12-31","internetbasiert","[WIP] 3.9 Flicker ab level 28 – mehrere varianten. [WIP] 3.9 Flicker ab level 28 - mehrere varianten, 2019-12-31","https://www.exiled.eu/builds/flickerlowlvl/","[WIP] 3.9 Flicker ab level 28 – mehrere varianten"
"1218","2019-02-20","internetbasiert","JSON-Verarbeitung mit Jq. datascientist.at, 2019-02-20","https://datascientist.at/2019/02/json-verarbeitung-mit-jq/","The other variant works on Document objects, like those coming from Get Page."
"1219","2020-11-09","internetbasiert","Neuer VW Golf Alltrack Fahrbericht 2021 Golf 8 Variant - Autogefühl. Autogefühl, 2020-11-09","https://www.autogefuehl.de/2020/11/09/neuer-vw-golf-alltrack-fahrbericht-2021-golf-8-variant/","Die Länge des neuen Golf 8 Variant beträgt nunmehr 4,63 m (Hatch 4,28 m)."
"1220","2019-06-01","internetbasiert","KUNSTSTOFF HAUSTÜREN. lbprofile.de, 2019-06-01","https://lbprofile.de/kunststoff/kunststoff-haustueren/","Das Kunststoffsystem Schüco LivIng Variant ist ein innovatives 6+1 Raumsystem, das speziell entwickelt wurde, um optisch perfekte Holzfenster nachzuahmen."
"1221","2019-04-01","internetbasiert","Rezept Muffins mit Speck und Zwiebeln | Thomas Sixt Food Blog. Thomas Sixt Rezepte, 2019-04-01","https://thomassixt.de/rezept/muffins-mit-speck-und-zwiebeln/","Diese Variant ist gelingsicher."
"1222","2020-01-01","internetbasiert","Modellgeschichte - Typ3.de. Typ3.de, 2020-01-01","https://www.typ3.de/modellgeschichte-2.html","Die Limousine verkaufte sich aber immer noch sehr gut, so kam man zu dem Entschluss, alle drei Varianten, die Typ 3 Limousine, den TL – Fließheck und den Kombi – Variant gemeinsam im Programm zu lassen."
"1223","2018-06-01","internetbasiert","Alle Grundrisse auf einen Blick: Bestellen Sie unseren Hauskatalog. Hanse Haus, 2018-06-01","https://www.hanse-haus.ch/de/architektur/haus-grundrisse/einfamilienhaus-grundrisse/","[...] Grundrisse Variant 35-161 161 m² Grundfläche | Planungsoptionen mit Wintergarten, Haustürvordach und Büroanbau Grundrisse Variant 35-172 172 m² Grundfläche | Planungsoptionen mit Zwerchgiebel, überdachtem Freisitz, Garage und Kellerersatzraum Grundrisse Variant 35-173 173 m² Grundfläche | Planungsoptionen mit überdachtem Terrassenbereich, Windfang und Büro oder Garagenanbau Grundrisse Villa 177 197 m² Grundfläche | Planungsoptionen mit überdachtem Freisitz, Küchenanbau und Carport Grundrisse Villa 178 228 m² Grundfläche | Planungsoptionen mit Teilunterkellerung, überdachtem Freisitz und vergrößertem Wohnbereich Grundrisse Villa 183 183 m² Grundfläche | Planungsoptionen mit Windfang und Luftraum über dem Essbereich Bei der Planung eines Einfamilienhaus Grundrisses [...]"
"1224","2019-08-20","internetbasiert","UKW004 Brexit: God Save the Queen. UKW, 2019-08-20","https://ukw.fm/ukw004-god-save-the-queen/","[...] Ja genauso das ist keine dann das bedeutet das wir alle die das ein bisschen analysiert haben haben sie gesehen das kann nicht funktionieren also das geht nicht.Also was könnte dann doch funktionieren das bedeutet das boot bedeutet dann es tot an ein und auswahl entweder.Johnson geht zurück zu den ursprüngen variante die springt aus der regierung oder später oder unterstützt johnson nicht mehr.Man muss dann ein unter auswahl organisieren johnson hätte dann keine mehrheit mehr oder.Laber leitet ein misstrauensvotum ein und johnson versteht dass es dieses gefahr gibt er wäre bereit dieses misstrauensvotum schon sogar zu verlieren.Weil.Er denkt ihr könnte dann in unterhaus wahl dann gewinnen weil er gewinne dann die ganze.Partei wählen dann zurück ich war für brexit es waren die börse oppositionsparteien die das gestoppt haben.Und die eu also alle anderen sind schuld ich bin der der einzige ernsthafte brexit ich lade verarsche ein vielleicht sogar vize parteichef der konservativen zu werden oder ich gebe ihnen einen abend als minister.Wir vereinen die pro brexit w l a hinter uns.Wir gewinnen fünfunddreißig prozent angeben stimmen und wir gewinnen sogar in unterhaus war [...]"
"1225","2019-07-26","internetbasiert","m2m Germany GmbH ist zertifizierter IoT Eco-Systempartner von Unitymedia Business. 0800hardware.de, 2019-07-26","http://0800hardware.de/m2m-germany-gmbh-ist-zertifizierter-iot-eco-systempartner-von-unitymedia-business-3/","The ease of use of a Nano board with the addition of secure IoT and BT connectivity Small (45mm x 18mm), robust and powerful board; 3.3V variant of the Nano family."
"1226","2018-05-08","internetbasiert","VW 1600 Variant Typ 3 1973 | Automobile Lopp in Mühlhausen. Copyright 2020 www.audaris.de, 2018-05-08","https://www.automobile-lopp.de/blog/167/vw-1600-variant-typ-3-1973/","Der in leuchtorange ausgelieferte Typ 3 Variant aus Juni 1973 hat eine tolle Geschichte."
"1227","2020-02-20","internetbasiert","VW ""sehr zufrieden"" mit bisheriger Nachfrage nach ID.3. ecomento.de, 2020-02-20","https://ecomento.de/2020/02/20/vw-sehr-zufrieden-mit-bisheriger-id3-nachfrage/","Und nein, ich fühle mich nicht betrogen, weil der Golf Variant außerordentlich sparsam und völlig schadlos 280.000 km gelaufen ist."
"1228","2019-05-27","internetbasiert","VARIANT T1 BAND. Leister Deutschland, 2019-05-27","https://www.leister.de/products/variant-t1-band","Umrüstsets von VARIANT T1 Überlapp auf 25 oder 50 mm BAND"
"1229","2019-05-05","internetbasiert","Golf 5. VW Golf - Doppel-WOBber, 2019-05-05","https://www.doppel-wobber.de/community/index.php","Fensterheber hinten rechts Golf 5 Variant 1.6 Bj. 2008 (Schlüsselnummer: 0603 ALG)"
"1230","2018-05-31","internetbasiert","VW Golf Variant: Zuverlässigkeit und Erfolg seit 1993. Auto-Kombi, 2018-05-31","https://www.kombi.de/vw-golf-variant/","Golf VII Variant länger als die Limousine"
"1231","2018-12-29","internetbasiert","Besucher auf der Durchreise. fossilienmuseum.ch, 2018-12-29","http://www.fossilienmuseum.ch/besucher-auf-der-durchreise.html","Variante NATURA -"
"1232","2020-01-01","internetbasiert","Koch-Anhänger ""Edition 35"" 125x250cm 1300kg|Typ 4.13 Hochplane 160cm Gelb. Koch Anhängerwerke, 2020-01-01","https://www.kochanhaengerwerke.de/koch-anhaenger/gebremste-anhaenger/koch-anhaenger-edition-35-125x250cm-1300kg-typ-4.13-hochplane-160cm-gelb","Variant Heckkipper Variant 168x320cm 2,7t | E-Pumpe | Rampen | Gitter | Aktion"
"1233","2018-02-06","internetbasiert","Motoraufhängung Motorlager Motor Lager Getriebe Audi Seat Skoda VW Golf 4 Beetle. netspares.de, 2018-02-06","https://netspares.de/Auto-Ersatzteile/Motor-Motorteile/Motoraufhaengung-Motorlager-Motor-Lager-Getriebe-Audi-Seat-Skoda-VW-Golf-4-Beetle::3595.html","[...]) 1.6 08.00-06.05 75 102 1595 VW GOLF IV (1J1) 1.6 16V 02.00-06.05 77 105 1598 VW GOLF IV (1J1) 1.8 08.97-06.05 92 125 1781 VW GOLF IV (1J1) 1.8 T 08.97-06.05 110 150 1781 VW GOLF IV (1J1) 2.0 07.98-05.04 85 115 1984 VW GOLF IV (1J1) 1.9 TDI 10.97-05.04 66 90 1896 VW GOLF IV (1J1) 1.9 TDI 08.97-05.04 81 110 1896 VW GOLF IV Variant (1J5) 1.4 16V 05.99-06.06 55 75 1390 VW GOLF IV Variant (1J5) 1.6 05.99-04.02 74 101 1595 VW GOLF IV Variant (1J5) 1.6 08.00-06.06 75 102 1595 VW GOLF IV Variant (1J5) 1.6 16V 02.00-06.06 77 105 1598 VW GOLF IV Variant (1J5) 1.8 T 05.00-06.06 110 150 1781 VW GOLF IV Variant (1J5) 2.0 05.99-06.06 85 115 1984 VW GOLF IV Variant (1J5) 2.0 Bi-Fuel 02.02-06.06 85 116 1984 VW GOLF IV Variant (1J5) 1.9 TDI 05.99-05.06 66 90 1896 VW GOLF IV Variant (1J5) 1.9 TDI [...]"
"1234","2020-10-22","internetbasiert","LINDA HALLBERG - MY BEAUTY LIGHT. MY BEAUTY LIGHT, 2020-10-22","https://my-beauty-light.de/ritterschlag-von-make-up-pro-linda-hallberg","This variant has four fluorescent lamps that together forms a frame for absolutely amazing light!"
"1235","2020-09-09","internetbasiert","VW Golf 8 Variant R-Line Premiere und Golf Alltrack - Autogefühl. Autogefühl, 2020-09-09","https://www.autogefuehl.de/2020/09/09/vw-golf-8-variant-r-line-premiere-und-golf-alltrack/","Der VW Golf 8 Variant ist fast 8 cm länger als der Vorgänger – was nicht nur am Überhang liegt, sondern vielmehr am vergrößerten Radstand."
"1236","2020-01-01","internetbasiert","21-635. isover.ch, 2020-01-01","https://www.isover.ch/de/solutions/21-635","Description Unité 1 Unité 2 Variant 1 Variant 2 Variant 3 Variant 4 Variant 5 Variant 6 Akustische Korrektur Frequenz f [Hz] 125 250 500 1000 2000 4000 mittel Schallabsorptionskoeffizient αS [–] 0.59 1.07 1.15 0.93 0.91 0.92 0.93"
"1237","2020-01-26","internetbasiert","Kinderschreibtisch - kunden-sparen.de. kunden-sparen.de, 2020-01-26","https://kunden-sparen.de/kinderschreibtisch/","1. MSZ Design Kinderschreibtisch Schülerschreibtisch Variant weiß verstellbar mit Schublade und Wechselkappen in Grau und Pink für Jungs und Mädchen"
"1238","2018-07-14","internetbasiert","Michelin, Sigfox und Argon bringen IoT-Tracking-Tool auf den Markt.. Michelin, Sigfox und Argon bringen IoT-Tracking-Tool auf den Markt., 2018-07-14","http://0800hardware.de/michelin-sigfox-und-argon-bringen-iot-tracking-tool-auf-den-markt/","The ease of use of a Nano board with the addition of secure IoT and BT connectivity Small (45mm x 18mm), robust and powerful board; 3.3V variant of the Nano family."
"1239","2020-01-01","internetbasiert","Der Anfang - typ3family.de. typ3family.de, 2020-01-01","https://www.mytyp3.de/dolf/der-anfang.html","Den Typ4 oder den Typ3, beide als Variant zu haben."
"1240","2019-11-13","internetbasiert","UKW006 Brexit: Dead in a ditch. UKW, 2019-11-13","https://ukw.fm/ukw006-dead-in-a-ditch/","[...] von boris johnson und für firmen.Die waren von großbritannien nach nordirland liefern müssen die müssen so ein export scheinjetzt vorlegen was normalerweise in eine,kontrollen auf waren zwischen für experten zwischen großbritannien auf von großbritannienzu nordirland.Das bedeutet es war dann eine wenige vorteilhafte lösung für nordirland,für die not irische aus den von theresa may vorgeschlagene variante,aber das war für die eu noch okay weil das war was was die eu selbst vorgeschlagen hatte vor zwei jahrenalso das war dann dieses idee okay wir wir wir kehren dann zurück zu den zweitausendsiebzehner variante. [...]"
"1241","2020-09-09","internetbasiert","VW Golf 8 Variant R-Line Premiere und Golf Alltrack - Autogefühl. Autogefühl, 2020-09-09","https://www.autogefuehl.de/2020/09/09/vw-golf-8-variant-r-line-premiere-und-golf-alltrack/","Als spezielle Version kommt der Golf Variant auch als Golf Alltrack mit erhöhter Bodenfreiheit (20 mm), Offroad-Optik und Interieur-Features wie einem Alltrack-Sitz-Design."
"1242","2018-02-07","internetbasiert","HORI Parkett 300 Eiche Variant cremeweiß Schiffsboden matt versiegelt 2. Wahl. Holz-Richter GmbH, 2018-02-07","https://www.casando.de/hori-parkett-300-eiche-variant-cremeweiss-schiffsboden-matt-versiegelt-2--wahl-34193216-produkt/","HORI Parkett 300 Eiche Variant cremeweiß Schiffsboden matt versiegelt 2. Wahl 2400 x 200 x 13 mm, NS 2,5 mm 2400 x 200 x 13 mm, NS 2,5 mm"
"1243","2019-12-19","internetbasiert","Fillikid Wickelauflage Softy 75 x 85 cm Exclusiv | Kinderhaus Blaubär. kinderhaus-blaubaer.de, 2019-12-19","https://www.kinderhaus-blaubaer.de/fillikid-wickelauflage-softy-75-x-85-cm-exclusiv_34535_55746","[...] { _tsRatingConfig = { tsid : 'X0C74C395F78C2D0663798C126CCFC286', element : '#ts_review_sticker', variant : 'testimonial', reviews : '5', betterThan : '3.0', richSnippets : 'on', backgroundColor : '#FFDC0F', linkColor : '#000000', quotationMarkColor : '#FFFFFF', fontFamily : 'Arial', reviewMinLength : '10' }; var scripts = document.getElementsByTagName('SCRIPT'), me = scripts[scripts.length - 1]; var _ts = document.createElement('SCRIPT'); _ts.type = 'text/javascript'; _ts.async = true; _ts.src = '//widgets.trustedshops.com/reviews/tsSticker/tsSticker.js'; me.parentNode.insertBefore(_ts, me); _tsRatingConfig.script = _ts; })(); [...]"
"1244","2018-01-01","internetbasiert","Horwin EK1 Fahrbericht. stromscooter.at, 2018-01-01","https://www.stromscooter.at/horwin-ek1-fahrbericht/","Danach wird die Extended Range variante sehr wahrscheinlich mit einer Reichweite an die 100KM aufwarten."
"1245","2018-11-08","internetbasiert","Impressum - Variant-Systembau. Variant Systembau GmbH, 2018-11-08","http://www.variantsystembau.de/impressum/","Bildnachweis: Fotos: Variant Systembau GmbH Bauplan – © Siegfried Fries, pixelio.de Hobel – © tommyS, pixelio.de Hämmer – © Rainer Sturm, pixelio.de Schraubzwingen – © Rainer Sturm, pixelio.de Türen – © Prüm-Türenwerk GmbH, tuer.de"
"1246","2018-06-01","internetbasiert","Fertighaus Variant 192 | HANSE HAUS. Hanse Haus, 2018-06-01","https://www.hanse-haus.ch/de/architektur/haeuser/haus/variant-192/","Das Hanse Haus Variant 192: grosszügig leben unterm Satteldach"
"1247","2020-01-01","internetbasiert","21-500. isover.ch, 2020-01-01","https://www.isover.ch/de/solutions/21-500","Description Unité 1 Unité 2 Variant 1 Variant 2 Variant 3 Variant 4 Variant 5 Variant 6 ISOVOX d [mm] 45 45 45 45 45 45 PB F 030 d [mm] 80 100 120 140 160 180 Wärmeschutz im Winter und Sommer * * ** ** ** ** Wärmedurchgangskoeffizient:"
"1248","2020-09-21","internetbasiert","Jetzt bestellbar: Der neue VW Golf Variant. Autohaus Stoppanski, 2020-09-21","https://www.stoppanski.de/news/golf-variant-bestellbar/","Zum Verkaufsteam. 01. Golf Variant 2.0 TDI SCR 110 kW (NEFZ) Kraftstoffverbrauch, l/100 km: innerorts 4,9-4,7 / außerorts 3,7-3,5 / kombiniert 4,1-4,0; CO2-Emission kombiniert, g/km: 108-104; Effizienzklasse: A+ 02. Golf Variant – Das Fahrzeug ist eine seriennahe Studie und wird noch nicht zum Verkauf angeboten 03. Golf Alltrack – Das Fahrzeug ist eine seriennahe Studie und wird noch nicht zum Verkauf angeboten"
"1249","2019-11-08","internetbasiert","VW Archives - FINESTAUTOMOTIVE.com. FINESTAUTOMOTIVE.com, 2019-11-08","https://www.finestautomotive.com/brands/vw/","Im Oktober 2018 war der Modellstart des VW Golf Variant 1.5 TSI OPF ACT BlueMotion Comfortline."
"1250","2019-08-07","internetbasiert","Microsoft patcht kritische Sicherheitslücke in Intel-CPUs - Hardwareluxx. Hardwareluxx Media GmbH, 2019-08-07","https://www.hardwareluxx.de/index.php/news/software/betriebssysteme/50479-microsoft-patcht-kritische-sicherheitsluecke-in-intel-cpus.html","Based on external and internal analysis, AMD believes it is not vulnerable to the SWAPGS variant attacks because AMD products are designed not to speculate on the new GS value following a speculative SWAPGS."
"1251","2018-11-06","internetbasiert","Mindestpreise auf real.de + EDI nutzen + Shopware-Variantenkonfigurator. reybex ERP Spezialist seit 2014. reybex Cloud ERP Software Lösung, 2018-11-06","https://testb.digitalesmarketing-impott.de/mindestpreise-auf-realde-edi-nutzen-shopware-variantenkonfigurator/","Determine your variant configurator for shopware in reybex"
"1252","2019-10-01","internetbasiert","inkludierte Tests im CatCheck - FERAGEN. FERAGEN GmbH, 2019-10-01","https://feragen.at/catcheck/inkludierte-tests-im-catcheck/","A Novel Variant in CMAH Is Associated with Blood Type AB in Ragdoll Cats."
"1253","2019-05-24","internetbasiert","Passat Variant | Volkswagen Modelle | Voets Autozentrum. Voets Autozentrum Magdeburg, 2019-05-24","https://www.voets-magdeburg.de/unsere-modelle/volkswagen-passat-variant/","Die breite und kräftige Front, die kurzen Überhänge und ein langer Radstand verleihen dem Passat Variant eine sportliche und zugleich elegante Silhouette."
"1254","2020-01-01","internetbasiert","Alveus (### Artikel). kitchenking.de, 2020-01-01","https://www.kitchenking.de/hersteller/alveus.html","ALVEUS Einzelsiphon / Pop-up Siphon / Ab- und Überlaufgarnitur mit Drehexcenter und Siphon für die Spülen QUADRIX und VARIANT34,90 €ALVEUS Einzelsiphon / Pop-up Siphon / Ab- und Überlaufgarnitur mit Drehexcenter und Siphon passend für ALVEUS Spülen QUADRIX und VARIANT."
"1255","2020-01-01","internetbasiert","Gelenkwellenschraube VW Golf II III IV V Lupo Passat Polo u.a.. Bus-Scheune.de, Ersatzteile fuer VW Bus T3 VW Bus T4 guenstig kaufen., 2020-01-01","https://www.bus-scheune.de/weitere-VW-Classic-Modelle/Golf-1/Vorderachse/Gelenkwellenschraube-VW-Golf-II-III-IV-V-Lupo-Passat-Polo-u-a::49405.html","[...] TDI SDI 03/04- VW CORRADO (53I) 1.8 2.0 2.9 i G60 16V VR6 09/88-12/95 VW EOS 1.6 2.0 3.2 TDI FSI V6 03/06- VW FOX (5Z1) 1.2 1.4 TDI 04/05- VW GOLF I (17) 1.1 1.3 1.5 1.6 1.8 D TD GTI 04/74-02/84 VW GOLF II (19E,1G1) 1.0 1.3 1.6 1.8 D TD GTI 08/83-12/92 VW GOLF III (1H1) 1.4 1.6 1.8 1.9 2.0 2.8 2.9 D GTI 10/91-08/97 VW GOLF III Cabrio (1E7) 1.6 1.8 1.9 2.0 TDI 07/93-05/98 VW GOLF III Variant (1H5) 1.4 1.6 1.8 1.9 2.0 2.9 D VR6 07/93-04/99 VW GOLF IV (1J1) 1.4 1.6 2.0 16V 08/97-06/05 VW GOLF IV Cabrio (1E7) 1.6 1.8 1.9 2.0 TDI 06/98-06/02 VW GOLF IV Variant (1J5) 1.4 1.6 1.8 1.9 2.0 2.3 2.8 TDI V5/6 05/99-06/06 VW GOLF V (1K1) 1.4 16V 10/03- VW GOLF V PLUS (5M1) 1.4 1.6 1.9 2.0 TDI FSI 16V 01/05- VW JETTA I (16) 1.1 1.3 1.5 1.6 1.8 D TD GLI 08/78-02/84 VW JETTA II (19 [...]"
"1256","2018-05-31","internetbasiert","VW Passat Variant: Den neuen Volkswagen bewundern. Auto-Kombi, 2018-05-31","https://www.kombi.de/vw-passat-variant/","Es gibt den VW Passat Variant inzwischen in der 8. Generation."
"1257","2020-07-27","internetbasiert","VW Passat Bahnpolizei. Modellsammlung.de, 2020-07-27","http://www.modellsammlung.de/modelle/vw-passat-bahnpolizei/","Automarke: Volkswagen Modell: Passat Variant Organisation: Bahnpolizei Verwendung: Streifenwagen Kennung:"
"1258","2018-12-20","internetbasiert","So steht die Schweiz beim IoT da. 0800hardware.de, 2018-12-20","http://0800hardware.de/so-steht-die-schweiz-beim-iot-da/","The ease of use of a Nano board with the addition of secure IoT and BT connectivity Small (45mm x 18mm), robust and powerful board; 3.3V variant of the Nano family."
"1259","2020-07-08","internetbasiert","projekte_saxophonist_köln. Saxophonaut - Der Saxophonist aus Köln, 2020-07-08","https://saxophonaut.de/projekte/projekte_saxophonist_koeln/","Zum Inhalt springen Suche nach: ÜBER MICH Marke Saxophonaut Profil Projekte Referenzen Auszeichnungen NEWS VARIANTEN Sax Solo Sax & Piano Sax & DJ Sax, Piano & Gesang Sax & Band MEDIA FOTOS VIDEOS projekte_saxophonist_köln projekte_saxophonist_köln saxophonaut 2020-07-08T22:38:40+00:00 Projekte Saxophonist Köln Düsseldorf Aachen live sax Page load link"
"1260","2019-05-23","internetbasiert","Weltweit einheitliche, skalierbare Mobilfunkverbindungen fürs IoT. 0800hardware.de, 2019-05-23","http://0800hardware.de/weltweit-einheitliche-skalierbare-mobilfunkverbindungen-fuers-iot/","Small (45mm x 18mm), robust and powerful board; 3.3V variant of the Nano family."
"1261","2018-05-31","internetbasiert","VW Passat Variant: Den neuen Volkswagen bewundern. Auto-Kombi, 2018-05-31","https://www.kombi.de/vw-passat-variant/","Je nach Motorisierung wartet der Passat Variant mit einer maximalen Leistung von bis zu 300 PS auf."
"1262","2018-09-06","internetbasiert","Bernina - die neue 5er Serie - SchwaaBa - Schwaak und Bangert. SchwaaBa - Schwaak und Bangert, 2018-09-06","https://schwaaba.de/2018/09/06/bernina-die-neue-5er-serie-2/","Diese variante finde ich persönlich viel schöner weil du mal eben an den Knöpfen drehen kannst ohne erst im Menü rumklicken zu müssen – schneller, einfacher."
"1263","2019-08-01","internetbasiert","Schwarwel Gevatter #1 „Kapitel Eins: Verleugnung“ (Variant) – AUSVERKAUFT - Glücklicher Montag Shop. Glücklicher Montag Shop, 2019-08-01","https://gluecklicher-montag-shop.de/produkt/gevatter-1-kapitel-eins-verleugnung-variant-edition/","Schwarwel (Story, Artwork und Zeichnungen) Gevatter #1 „Kapitel Eins: Verleugnung“ (Variant Edition) Cover: Schwarwel Graphic Novel im Amiformat Umfang: 36 Seiten s/w mit Farbcover und Magazinteil mit Interviews mit Schwarwel und Sascha Wüstefeld Herausgeber: FUNUS Stiftung Verlag: Glücklicher Montag"
"1264","2020-11-27","internetbasiert","Rechnung manuell erstellen. openolitor.org, 2020-11-27","https://openolitor.org/rechnung-manuell-erstellen/","VARIANTE MAIL:"
"1265","2020-03-12","internetbasiert","Black Cat 1 - Auf Raubzug Variant 2 (Comic | Panini | Marvel) | What's Up Jonny. What's Up Jonny, 2020-03-12","https://www.whatsupjonny.de/product-page/black-cat-1-auf-raubzug-variant-2-comic-panini-marvel","Black Cat 1 - Auf Raubzug Variant 2 (Comic | Panini | Marvel)"
"1266","2018-01-01","internetbasiert","2020 Bonus Ohne Einzahlungsschlitze – Bonusse und freispiele im kasino. event-more.ch, 2018-01-01","https://event-more.ch/2020-bonus-ohne-einzahlungsschlitze-bonusse-und-freispiele-im-kasino/","Casino spiele varianten bereits beim ersten Betreten der Webseite dürfte den Spielern das Logo der maltesischen Lotterie- und Glücksspielbehörde ins Auge fallen, was ich von innen her kenne."
"1267","2019-12-03","internetbasiert","schnittmuster. SHIRT & KLEID | AURORA. Schwalbenliebe, 2019-12-03","https://www.schwalbenliebe.com/products/shirt-kleid-aurora","Etwas Besonderes. varianten."
"1268","2018-09-11","internetbasiert","Sicherheitsverantwortliche haben nur wenig Mitspracherecht bei IoT-Entscheidungen. 0800hardware.de, 2018-09-11","http://0800hardware.de/sicherheitsverantwortliche-haben-nur-wenig-mitspracherecht-bei-iot-entscheidungen/","Small (45mm x 18mm), robust and powerful board; 3.3V variant of the Nano family."
"1269","2018-08-09","internetbasiert","Atlantik Elektronik präsentiert die neue IoT Plattform 6560 von Inforce Computing. 0800hardware.de, 2018-08-09","http://0800hardware.de/atlantik-elektronik-praesentiert-die-neue-iot-plattform-6560-von-inforce-computing/","Small (45mm x 18mm), robust and powerful board; 3.3V variant of the Nano family."
"1270","2018-04-13","internetbasiert","Random Rolls werden Destiny 2 nicht retten - Balance-Diktat muss fallen!. Mein-MMO.de, 2018-04-13","https://mein-mmo.de/destiny-2-random-rolls-september-perks/","stell dir doch die gruppenkämpfe als pvp variante in der open world vor!!"
"1271","2020-03-02","internetbasiert","Fillikid Musslin Schlafsack Exclusiv | Kinderhaus Blaubär. kinderhaus-blaubaer.de, 2020-03-02","https://www.kinderhaus-blaubaer.de/fillikid-muslin-schlafsack_34425_54485","[...] { _tsRatingConfig = { tsid : 'X0C74C395F78C2D0663798C126CCFC286', element : '#ts_review_sticker', variant : 'testimonial', reviews : '5', betterThan : '3.0', richSnippets : 'on', backgroundColor : '#FFDC0F', linkColor : '#000000', quotationMarkColor : '#FFFFFF', fontFamily : 'Arial', reviewMinLength : '10' }; var scripts = document.getElementsByTagName('SCRIPT'), me = scripts[scripts.length - 1]; var _ts = document.createElement('SCRIPT'); _ts.type = 'text/javascript'; _ts.async = true; _ts.src = '//widgets.trustedshops.com/reviews/tsSticker/tsSticker.js'; me.parentNode.insertBefore(_ts, me); _tsRatingConfig.script = _ts; })(); [...]"
"1272","2020-07-12","internetbasiert","Bildergalerie. abenteuerdachzelt.de, 2020-07-12","https://abenteuerdachzelt.de/bildergalerie/","Airpass 160 auf Anhäger montiert Defender mit Airpass Airpass MX Long Inter Trade Nimis Variant XL Variant MX Long Variant L Variant MX Long Variant MX Long Variant MX Long Variant MX Long Variant MX Long Variant XL Variant XL Variant XL Variant XL , da würde auch noch ein viertes Kind reinpassen BMW 7er mit Varinat XL BMW 7er mit Varinat XL BMW 7er mit Varinat XL BMW 7er mit Varinat XL"
"1273","2020-05-04","internetbasiert","roggenmischbrot. Surfing The Kitchen, 2020-05-04","https://surfingthekitchen.wordpress.com/2020/05/04/roggenmischbrot/","[...] und weiter geht’s mit den brotrezepten, heute mein liebstes roggenmischbrot. war das erste das ich ausprobiert habe (natürlich aus brotbackbuch nr 2) und bin seitdem dabei geblieben. am anfang habe ich zwar noch die variante mit einem germanteil gemacht, aber vor etwa einem jahr bin ich dann zur reinen sauerteig variante gewechselt. braucht zwar länger da der brotteig länger gehen muss, dafür ist es aber wirklich nur mehl, wasser und salz (plus brotgewürz). auch hier gilt: man muss etwa einen ¾ tag vorher den sauerteig ansetzen, der macht sich dann ans werk für 18-20h und danach geht’s mit dem hauptteig weiter. der arbeitsaufwand an sich ist gering und bei den wenigen schritten übernimmt den großteil der arbeit die küchenmaschine. man muss halt geduld haben und dem teig seine zeit geben. eigentlich ist das rezept mit glattem weizenmehl. da ich aber immer nur dinkelmehl verwende, kommt das bei mir ein. als ich einmal, aus mir unerfindlichen gründen, kein glattes dinkelmehl daheim hatte, musste ich improvisieren und hab dinkel-vollkernmehl genommen. [...]"
"1274","2020-04-09","internetbasiert","LOGOdesign der superklasse!. Minschtl® Hafner Mediendesign, 2020-04-09","https://minschtl.de/blog-wortgefluester/logodesign-der-superklasse/","ich hatte einen solchen flow, dass es seitenweise ansätze fürs erste bestaunen gab. ich hatte so viele tolle schriften gefunden und kombiniert. sie miteinander verknüpft und solange varianten geschaffen. es gibt gewisse buchstaben in der typografie, die sich in soooo vielen schriften gut machen. das war auch bei nonah so."
"1275","2019-04-02","internetbasiert","Sammel-Stützpunkt rot oder schwarz. CAR ELECTRIC, 2019-04-02","https://camperelektrik.de/products/sammel-stutzpunkt-klein-6-3mm-gewinde-rot","[...] VIEW CART Add to Cart Continue Option1 Option2 Option3 Add to Cart Option1 Option2 Option3 Add to Cart Option1 Option2 Option3 Add to Cart Option1 Option2 Option3 Add to Cart Option1 Option2 Option3 Add to Cart Option1 Option2 Option3 Add to Cart Variant 1 Variant 2 Variant 3 Direkt zum Inhalt Suchen Einloggen Konto erstellen Einkaufswagen ( 0 ) Zur Kasse ELEKTRIK STECKBAR EINFACH Menü Autarkiepakete Selbstausbauer + Übersicht Batterien Ladebooster Solar + Komplettsets Komponenten 230V + 230V Landstrom 230V Autark 12V/24V Kabelsätze Verbraucher + Beleuchtung Wasser Standheizung & Boiler Steckdosen & USB-Dosen Aktion Beratung + Ratgeber + Basiscamper Adventure Explorer Beratung buchen Messen Einloggen Konto erstellen Facebook Instagram YouTube Startseite › Sammel-Stützpunkt rot oder schwarz Sammel-Stützpunkt rot oder schwarz Normaler Preis €5,70 inkl. MwSt. zzgl. Versandkosten Schwarz - €5,70 EUR Rot - €5,70 EUR In den Einkaufswagen legen Dieses Produkt beinhaltet lediglich einen Sammelstützpunkt. [...]"
"1276","2018-10-05","internetbasiert","Jetzt geht´s der Bremse an den Kragen. OST-Blog, 2018-10-05","http://ost-blog.passat32.de/2018/10/05/jetzt-gehts-der-bremse-an-den-kragen/","Alle mit der 200mm Bremse hinten: Variant, Automatik und alles über 100 PS."
"1277","2019-01-01","internetbasiert","Original Aluminium Felge VW | Top-Preis: 1.104,90 €. Top-Preis: 1.104,90 €, 2019-01-01","https://www.basenio.de/guenstig-kaufen/original-aluminium-felge-vw-57193/_golf-7/","[...] 1598 ccm, 81 KW, 110 PS VW Golf VII Variant 2013/05-2019/12 BA5 1.6 TDI 1598 ccm, 77 KW, 105 PS VW Golf VII Variant 2013/05-2019/12 BA5 1.6 TDI 4motion 1598 ccm, 77 KW, 105 PS VW Golf VII Variant 2013/05-2019/12 BA5 1.6 TDI 4motion 1598 ccm, 81 KW, 110 PS VW Golf VII Variant 2015/05-2019/12 BA5 1.0 TSI 999 ccm, 85 KW, 115 PS VW Golf VII Variant 2016/11-2019/12 BA5 1.0 TSI 999 ccm, 81 KW, 110 PS VW Golf VII Variant 2015/01-2019/12 BA5 2.0 GTD 1968 ccm, 135 KW, 184 PS VW Golf VII Variant 2015/03-2019/12 BA5 2.0 R 4motion 1984 ccm, 206 KW, 280 PS VW Golf VII Variant 2015/03-2019/12 BA5 2.0 R 4motion 1984 ccm, 221 KW, 300 PS VW Golf VII Variant 2016/09-2019/12 BA5 2.0 R 360S 4motion 1984 ccm, 265 KW, 360 PS VW Golf VII Variant 2013/04-2019/12 BA5 2.0 TDI 1968 ccm, 110 KW, 150 PS VW Golf VII Variant 2013/05-2019/12 BA5 2.0 TDI 1968 ccm, [...]"
"1278","2020-03-02","internetbasiert","Alvi Mull-Schlafsack TOP | Kinderhaus Blaubär. kinderhaus-blaubaer.de, 2020-03-02","https://www.kinderhaus-blaubaer.de/kinderzimmer/schlafen-und-relaxen/schlafsaecke/alvi-mull-schlafsack-top_34169_56027","[...] { _tsRatingConfig = { tsid : 'X0C74C395F78C2D0663798C126CCFC286', element : '#ts_review_sticker', variant : 'testimonial', reviews : '5', betterThan : '3.0', richSnippets : 'on', backgroundColor : '#FFDC0F', linkColor : '#000000', quotationMarkColor : '#FFFFFF', fontFamily : 'Arial', reviewMinLength : '10' }; var scripts = document.getElementsByTagName('SCRIPT'), me = scripts[scripts.length - 1]; var _ts = document.createElement('SCRIPT'); _ts.type = 'text/javascript'; _ts.async = true; _ts.src = '//widgets.trustedshops.com/reviews/tsSticker/tsSticker.js'; me.parentNode.insertBefore(_ts, me); _tsRatingConfig.script = _ts; })(); [...]"
"1279","2020-01-01","internetbasiert","Gitteraufsatz PDK. Koch Anhängerwerke, 2020-01-01","https://www.kochanhaengerwerke.de/et-shop/gitteraufsatz-pdk","Variant Heckkipper Variant 168x320cm 2,7t | E-Pumpe | Rampen | Gitter | Aktion"
"1280","2020-04-06","internetbasiert","UKW016 Corona: Masken Berlin. UKW, 2020-04-06","https://ukw.fm/ukw016-corona-masken-berlin/","[...] was was so passiert in der welt weil also,nun in deutschland nicht losgegangenaber es ging schon deshalb schnell weil wir angefangen haben deutlich mehr bei uns irgendwie im chat herumzusitzen und irgendwie uns in videogruß zu treffen weil wir den ziemlich schnell auch für öffentliche veranstaltungen geschlossen haben und alles abgesagt haben.Dann war ja was macht man dann gemeinsam irgendwie jeder alleine an seinem projekt basteln in einer videokonferenz ist halt auch nicht so.Klar will man ja auch helfen und insofern sind dann schon eine ganze zeit lang die verschiedenen vor- und nachteile der verschiedensten varianten diskutiert worden,dann ist beim auch im member von uns im krankenhaus arbeiten ziemlich schnell klar geworden,wir müssen hier irgendwie tatsächlich auch in berlin scheinbar helfen beim anfang hat man immer gedacht in italien müssen sie das jetzt machen aber wir in deutschland der sieht ja alles irgendwie,noch viel entspannter aus die werden das schon hinkriegen wir haben ja gar nicht so viele tote und das kann ja nicht so eine katastrophe werden bei uns und das war immer,in die ersten paar tage was zumindest für mich auch immer eher so ein ich [...]"
"1281","2020-07-18","internetbasiert","thumb_saxophonist_kölner_lichter. Saxophonaut - Der Saxophonist aus Köln, 2020-07-18","https://saxophonaut.de/saxophonist-2/thumb_saxophonist_koelner_lichter/","Zum Inhalt springen Suche nach: ÜBER MICH Marke Saxophonaut Profil Projekte Referenzen Auszeichnungen NEWS VARIANTEN Sax Solo Sax & Piano Sax & DJ Sax, Piano & Gesang Sax & Band MEDIA FOTOS VIDEOS thumb_saxophonist_kölner_lichter thumb_saxophonist_kölner_lichter saxophonaut 2020-07-18T21:12:14+00:00 thumb saxophonist kölner lichter live-sax ten ahead tenahead Page load link"
"1282","2020-10-16","internetbasiert","Tesla aktualisiert Model 3 mit mehr Reichweite und neuen Ausstattungsdetails. ecomento.de, 2020-10-16","https://ecomento.de/2020/10/16/tesla-model-3-mehr-reichweite-neue-ausstattungsdetails/","In der standard variante hat der Tesla auch eine Vollausstattung (- soundsystem) also dürfte man diesen auch nicht ohne austattung vergleichen."
"1283","2019-02-13","internetbasiert","Werksstudentische Tätigkeit im Umfeld Industrie 4.0, IoT, Cloud, Edge, AI. Werksstudentische Tätigkeit im Umfeld Industrie 4.0, IoT, Cloud, Edge, AI, 2019-02-13","http://0800hardware.de/werksstudentische-taetigkeit-im-umfeld-industrie-4-0-iot-cloud-edge-ai/","Small (45mm x 18mm), robust and powerful board; 3.3V variant of the Nano family."
"1284","2019-06-02","internetbasiert","GTI-Treffen 2019: Jeffery Li wurde zum Star - Chinese reiste 10.000 km mit getuntem Passat an - oe24.at. Oe24 Gmbh, 2019-06-02","https://auto.oe24.at/news/gti-treffen-2019-jeffery-li-wurde-zum-star-chinese-reiste-10-000-km-mit-getuntem-passat-an/382642875","Jeffery Li und sein getunter Passat Kombi (B2 Variant 32B) beim GTI-Treffen 2019."
"1285","2020-08-02","internetbasiert","Kfz-Versicherung für Neuwagen: Nur Vollkasko bietet umfassenden Schutz. hasselwander.co.uk, 2020-08-02","https://www.hasselwander.co.uk/kfz-versicherung-fuer-neuwagen-nur-vollkasko-bietet-umfassenden-schutz/","**** Profil Familie: Berliner Ehepaar, beide 42 Jahre, Ehemann ist Fahrzeughalter und Hauptfahrer, beide angestellt, 2 Kinder unter 17 Jahre, kein Wohneigentum, VW Golf Variant 1.6 TDI, Wagen parkt in abschließbarer Tiefgarage, 20.000 km jährliche Fahrleistung, nur Ehegatten fahren mit dem Auto, Schadenfreiheitsklasse 12, Kfz-Haftpflicht mit Vollkaskoschutz (300 Euro SB VK, 150 Euro SB TK), freie Werkstattwahl, nur Angebote mit erhöhten Deckungssummen im Haftpflichtfall, Neupreisentschädigung von mindestens 12 Monaten und dem Verzicht auf den Einwand grober Fahrlässigkeit."
"1286","2019-08-01","internetbasiert","Variant 35-152 von Hanse Haus | Fertighaus.de. Fertighaus.de, 2019-08-01","https://www.fertighaus.de/haeuser/hanse_variant35152/","Gleiche Raumeinteilung mit weniger Grundfläche als in Mannheim: das Fertighaus Variant 35-152"
"1287","2020-12-31","internetbasiert","VW Passat Variant EU Neuwagen | Jütten und Koolen. Jütten und Koolen, 2020-12-31","https://www.juetten-koolen.de/fahrzeuge/eu-neuwagen/VW-Passat-Variant--Variante/1","VW, Passat Variant, Neu & Bestellfahrzeuge VW Passat Variant EU-Neuwagen günstig kaufen VW Passat Variant EU-Neuwagen – souverän unterwegs mit großzügigen Raumangebot"
"1288","2020-01-01","internetbasiert","Sensor, Saugrohrdruck. BERU Zündungsteile | BERU – Ihr Experte für Zündungstechnik, 2020-01-01","https://www.beruparts.de/find-my-part/9738229/beru-by-driv/sensoren/sensor--saugrohrdruck/spr216.pd.html","Passend für: {{make}} {{variant}} {{engine_display}} Passend für: Achse {{axle_code}} Passend für: Motor {{fitsEngineDisplay}}"
"1289","2018-11-06","internetbasiert","USA: Tesla Model 3 boomt, deutsche Mittelklassewagen lassen Federn. ecomento.de, 2018-11-06","https://ecomento.de/2018/11/06/usa-tesla-model-3-setzt-deutsche-autobauer-unter-druck/","Und die LR variante für voraussichtlich 42.000€, für die ich mich interessiert habe, wird noch nicht einmal gebaut."
"1290","2019-06-01","internetbasiert","MAINTENANCE PAGE – BoWiDo. lbprofile.de, 2019-06-01","https://lbprofile.de/maintenance-page/","[...] SEITE UNTER KONSTRUKTION HOME Inspiration Projekte News Kunststoff Kunststoff Fenster LB PCD 70 LB PCD 82 LB PCD 82 XT SCHUECO LIVING KUBUS 6 SCHUECO LIVING VARIANT 15 SCHUECO LIVING 82 AS Kunststoff Haustüren LB PCD 70 LB PCD 82 LB PCD 82 XT SCHUECO LIVING KUBUS 6 SCHUECO LIVING VARIANT 15 SCHUECO LIVING 82 AS Kunststoff Schiebetüren SCHUECO LIVING SLIDE Aluminium Aluminium Fenster AWS 70 HI AWS 75 SI AWS 90 SI Aluminium Haustüren ADS 70 HI ADS 70 HD HI ADS 75 SI ADS 90 SI AD UP 75 Aluminium Schiebetüren ASE 60 ASS 50 ASE 80 ASS 70 FD Zubehör Glas Dichtung Griffe Katalog Video Kunden Klaes Über uns Das Unternehmen Partner Zertifikate Kontakt Impressum Sidebar [...]"
"1291","2019-10-16","internetbasiert","Der neue Passat und Passat Variant - Auto ERZ GmbH. Auto ERZ GmbH, 2019-10-16","https://www.auto-erz.de/2019/10/der-neue-polo/","Was Sie oder Ihre Familie auch vorhaben, der neue Passat und Passat Variant macht es mit."
"1292","2019-05-16","internetbasiert","DGAP-News: Francotyp-Postalia Holding AG: Erstklassiges Design – FP IoT-Gateway erhält Red Dot Award (deutsch). 0800hardware.de, 2019-05-16","http://0800hardware.de/dgap-news-francotyp-postalia-holding-ag-erstklassiges-design-fp-iot-gateway-erhaelt-red-dot-award-deutsch/","The ease of use of a Nano board with the addition of secure IoT and BT connectivity Small (45mm x 18mm), robust and powerful board; 3.3V variant of the Nano family."
"1293","2020-01-01","internetbasiert","25-300. isover.ch, 2020-01-01","https://www.isover.ch/de/solutions/25-300","Description Unité 1 Unité 2 Variant 1 Variant 2 Variant 3 Variant 4 Variant 5 Variant 6 Gipsfaserplatte d [mm] – – 10 10 Gipsfaserplatte d [mm] 12.5 12.5 12.5 12.5 Holzständer 60 x 60 mm h [mm] 60 – 60 – Holzständer 60 x 120 mm h [mm] –"
"1294","2019-04-04","internetbasiert","Q1 2019: Tesla liefert 31 Prozent weniger Elektroautos als im Vorquartal aus. ecomento.de, 2019-04-04","https://ecomento.de/2019/04/04/q1-2019-tesla-liefert-31-prozent-weniger-elektroautos-als-im-vorquartal-aus/","Es ist aber auch nicht die problemlösung, da sich die geschichte mit den „fan-bestellungen“ und dem anschiessenden bestell-rückgang für die margenstarkten varianten wiederholen wird."
"1295","2019-07-04","internetbasiert","All for One Group AG stärkt Industrial IoT Expertise und übernimmt den Sensor to Cloud-Spezialisten CDE. 0800hardware.de, 2019-07-04","http://0800hardware.de/all-for-one-group-ag-staerkt-industrial-iot-expertise-und-uebernimmt-den-sensor-to-cloud-spezialisten-cde/","The ease of use of a Nano board with the addition of secure IoT and BT connectivity Small (45mm x 18mm), robust and powerful board; 3.3V variant of the Nano family."
"1296","2020-04-19","internetbasiert","VERMOP® Reinigungssysteme günstig kaufen bei wolkdirekt. wolkdirekt.com, 2020-04-19","https://www.wolkdirekt.com/vermop.html","Vermop Reinigungswagen VARIANT 27 Chrom mit Presse VK 3, 1 Halterahmen 2 x 70 l ohne Säcke u. Deckel, 2 Schalen M"
"1297","2019-04-16","internetbasiert","Sachkundenachweis. Karin Immler, know wau, 2019-04-16","https://www.knowwau.com/sachkundenachweis/","This variant is particularly suitable if your whole family would like to prepare for the topic, you do not have the opportunity to attend the lectures or you prefer the english language."
"1298","2020-03-04","internetbasiert","Nordvpn jährlich – Nordvpn : Warnung. Bester VPN-Vergleicher, 2020-03-04","http://minecraftopia.de/nordvpn-jahrlich-nordvpn-warnung/","Einen virtuellen servern in ordnung mit ip-adressen bestehe so eine variante ihrer eigenen boni und somit weder die 5, die schaltfläche, um die webseite öffnen und das online banking."
"1299","2020-03-17","internetbasiert","Schwarwel Gevatter #2 „Kapitel Zwei: Zorn“ (Variant, Digital-PDF) - Glücklicher Montag Shop. Glücklicher Montag Shop, 2020-03-17","https://gluecklicher-montag-shop.de/produkt/schwarwel-gevatter-2-kapitel-zwei-zorn-variant-digital/","Schwarwel (Story, Artwork und Zeichnungen) Gevatter #2 „Kapitel Zwei: Zorn“ (Variant Edition) Graphic Novel im Amiformat Umfang: 36 Seiten s/w mit Farbcover und Magazinteil mit Interviews mit Schwarwel und Ingo Römling Cover:"
"1300","2020-08-12","internetbasiert","Kraftstoffpumpe VW Passat B6 Variant (3C5) 2.0 TDI 105 kW 143 PS (01.2009-11.2010) | 100711. Kempers.de, 2020-08-12","https://www.kempers.de/kraftstoffpumpe-vw-passat-b6-variant-3c5-3c0919050q/100711","Model: Passat B6 Variant (3C5)"
"1301","2018-01-21","internetbasiert","Fortune Jackpot Spielbanken mit Kartenschlitten Bob Casino. kielspratineurope.eu, 2018-01-21","https://kielspratineurope.eu/category-roulette/28-11-2018-4994.php","Daher gibt viele varianten, um und."
"1302","2018-12-01","internetbasiert","CUSTOM Game. beyerdynamic GmbH & Co. KG, 2018-12-01","https://www.beyerdynamic.de/custom-game.html","sa2 Solved Variant"
"1303","2018-11-26","internetbasiert","Predictive Maintenance: Wie IoT die Instandhaltung von Maschinen unterstützt. 0800hardware.de, 2018-11-26","http://0800hardware.de/predictive-maintenance-wie-iot-die-instandhaltung-von-maschinen-unterstuetzt/","The ease of use of a Nano board with the addition of secure IoT and BT connectivity Small (45mm x 18mm), robust and powerful board; 3.3V variant of the Nano family."
"1304","2020-10-29","internetbasiert","531. Mythos Corona, Gen-Impfstoffe, Massenimpfungen: Das sagen CDU/CSU, FDP sowie DIE LINKE.. Sägefisch, 2020-10-29","https://jacquesauvergne.wordpress.com/2020/10/29/531/","Translate Bio Inc., a smaller US-based collaborator of Sanofi earlier proposed a Moderna-like mRNA vaccine variant to be kept at –80 °C. (…)"
"1305","2019-02-22","internetbasiert","Tesla Model 3 verliert Kaufempfehlung von US-Verbrauchermagazin Consumer Reports. ecomento.de, 2019-02-22","https://ecomento.de/2019/02/22/tesla-model-3-verliert-kaufempfehlung-consumer-reports/","In China ist das MR schon bestellbar weil für die teuren varianten die bestellungen fehlen."
"1306","2018-01-01","internetbasiert","BMW AM4. lackierer-scherneck.de, 2018-01-01","https://lackierer-scherneck.de/referenzen/bmw-am4/","BMW AM4 Category: Automobil , Oldtimer PS: 20 Baujahr: 1933 PS: 20 Baujahr: 1933 Share This related projects VW Bora Variant Automobil view detail Project Information Project name: VW Bora Variant Category:"
"1307","2019-07-11","internetbasiert","Abfragen Archive - fullAccess. Fullaccess, 2019-07-11","https://www.fullaccess.de/access/tipps/abfragen","Function fctAlter(Geburtsdatum As Variant) As Variant On Error GoTo Err_fctAlter If IsDate(Geburtsdatum)"
"1308","2018-04-16","internetbasiert","Unternehmen: KORREKTUR/Software AG mit Umsatz- und Gewinnrückgang – IoT-Umsatzprognose erhöht. 0800hardware.de, 2018-04-16","http://0800hardware.de/unternehmen-korrektursoftware-ag-mit-umsatz-und-gewinnrueckgang-iot-umsatzprognose-erhoeht/","Small (45mm x 18mm), robust and powerful board; 3.3V variant of the Nano family."
"1309","2020-05-18","internetbasiert","Nordvpn Browser-Anwendung – Nordvpn | Wie verwenden Sie es?. Bester VPN-Vergleicher, 2020-05-18","http://minecraftopia.de/nordvpn-browser-anwendung-nordvpn-wie-verwenden-sie-es/","Aes, ein vpn und journalisten sehr oft dazu kannst du auf inhalte und bald auch extremistischen seiten, also völlig angemessen sind sie dir den provider, der einfachste variante ist ein hervorragendes produkt avast ist es, den besuch // pro monat berechnet."
"1310","2018-07-29","internetbasiert","Zahn reissen statt Wurzelbehandlung - Denta Beaute. Denta Beaute Zahnarzt Wien, 2018-07-29","https://www.denta-beaute.com/zahnforum/fragen/zahn-reissen-statt-wurzelbehandlung/","die ex ist eine therapieoption und kann gemacht werden, wenn sie über alle varianten gut aufgeklärt wurden und sie wünschen dann eine davon, eben die ex, kann man das machen …"
"1311","2018-04-23","internetbasiert","Volkswagen GTI Vergleich VW up! GTI vs Polo GTI vs Golf GTI - Autogefühl. Autogefühl, 2018-04-23","https://www.autogefuehl.de/2018/04/23/volkswagen-gti-vergleich-vw-up-gti-vs-polo-gti-vs-golf-gti/","Am Heck wurde den Rückleuchten ebenfalls ein kantigeres Design verpasst und diese kommen nun serienmäßig mit LED – für alle Varianten, auch für den Variant."
"1312","2018-10-29","internetbasiert","Sicherungen in einem Auto - was beachten? wie wechseln? - Schlüsseldienst Wels. Schlüsseldienst Wels, 2018-10-29","https://schluesseldienst-wels.at/sicherungen-in-einem-auto-was-beachten-wie-wechseln/","also ich brauche ein Video wie Mann denn schieberKasten ausernader bauert und wie der zu sammen ich fahre vw passat 35i Variant 90 ps 1.8 Liter Maschine bauja 95 Automatin kennbuchstabe ist Ckz Motor Code adz vielen dank wenn du das machen könntest"
"1313","2019-05-07","internetbasiert","VW Golf Alltrack im Check: Was kann er und für wen ist er geeignet?. VWTeam.com, 2019-05-07","https://www.vwteam.com/vw-golf-alltrack-im-check-was-kann-er-und-fuer-wen-ist-er-geeignet/","Innen jedoch hält sich der Golf Alltrack an die gewohnte Ästhetik des Golf Variant und überzeugt als komfortabler Familienwagen mit flexiblem Stauraum."
"1314","2019-02-12","internetbasiert","Adoption in Österreich – Ablauf, Kosten, Anbieter, Wartezeit. Finanzer, 2019-02-12","https://www.finanzer.at/adoption/","Ebenfalls häufig wird die variante der halb offenen Adoption genutzt."
"1315","2020-11-03","internetbasiert","VW Golf 8 Variant - Kompaktkombi in sechster Generation - NewCarz.de. NewCarz.de, 2020-11-03","https://www.newcarz.de/2020/11/03/vw-golf-8-variant-kompaktkombi-in-sechster-generation/","Der 85 kW (115 PS) starke Golf Variant 2.0 TDI mit 6-Gang-Schaltgetriebe und 300 Nm Drehmoment verbraucht kombiniert nur 4,0 bis 3,9 l/100 km; in der Version mit 110 kW (150 PS, 360 Nm) und 7-Gang-DSG sind es 4,1 bis 4,0 l/100 km."
"1316","2019-06-12","internetbasiert","So will Marvel's Avengers dafür sorgen, dass jeder Iron Man anders ist. Mein-MMO.de, 2019-06-12","https://mein-mmo.de/jeder-held-marvels-avengers-skill-baum/","bei nem hulk fallen mir da nicht so viele varianten ein"
"1317","2018-05-31","internetbasiert","VW Golf Variant: Zuverlässigkeit und Erfolg seit 1993. Auto-Kombi, 2018-05-31","https://www.kombi.de/vw-golf-variant/","Während der Golf IV Variant im Jahr 2013 in Deutschland eingestellt wurde, konnte das Fahrzeug in anderen Ländern der Welt noch über ein Jahr länger verkauft werden."
"1318","2019-07-22","internetbasiert","Fahrzeug Detailsuche | Autohaus Michel. Autohaus Michel, 2019-07-22","https://autohaus-michel.de/fahrzeugbestand/fahrzeug-detailsuche/","[...] Kombi Limousine sonstige Sportwagen/Coupé SUV/Geländewagen/Pickup Van/Kleinbus Wohnmobile/Camper Fahrzeugart Gebrauchtfahrzeug Neufahrzeug Vorführfahrzeug Allgemeine Angaben Marke Audi BMW Ford Jeep Kia Seat Skoda VW Modell 540 d A1 citycarver A1 Sportback A3 A3 Cabriolet A3 Limousine A3 Sportback A4 Allroad A4 Avant A4 Limousine A5 Cabrio A5 Cabriolet A5 Coupé A5 Sportback A6 Allroad A6 Avant A6 Limousine A7 Sportback Alhambra Amarok Comfortline Arona Arteon Caddy Caddy Kasten Caddy Life Ceed e-tron e-tron advanced e-tron GT e-tron S e-tron Sportback e-up! United Focus Turnier Golf R-Line Golf VII Golf VIII Grand California ID. Buzz ID.3 Business Kuga Octavia Combi Passat Variant Polo Polo R-Line Q2 Q2 S Q3 Q3 Sportback Q4 Q5 Q5 S Q5 Sportback Q7 Q8 Q8 advanced Q8 S Q8 Sportback Renegade S RS 3 RS Q3 RS3 Sportback S3 Sportback S4 Avant S5 Cabrio S5 Coupe S6 Avant Scala Ambition Sportsvan SQ2 SQ5 SQ5 Sportback SQ7 T-Cross T-Roc T-Roc Cabriolet T-Roc R-Line T6 California T6 Kasten T6 Kombi T6 Multivan T6 Transporter T7 Multivan Taigo Taigo ""Move Taigo R-Line Taigo Style Tiguan Tiguan Allspace Tiguan Elegance Touran TT Coupe TT Roadster TTS Coupé up! Aktionen GROSSartige KLEINwagen EU-Fahrzeuge California Dreaming VW T-Modelle Standort Autohaus Michel GmbH [...]"
"1319","2019-03-27","internetbasiert","Geolokalisierung per IoT: Neuer LoRa-Cloud-Dienst verfügbar. 0800hardware.de, 2019-03-27","http://0800hardware.de/geolokalisierung-per-iot-neuer-lora-cloud-dienst-verfuegbar/","The ease of use of a Nano board with the addition of secure IoT and BT connectivity Small (45mm x 18mm), robust and powerful board; 3.3V variant of the Nano family."
"1320","2018-01-01","internetbasiert","Footer Menu. lackierer-scherneck.de, 2018-01-01","https://lackierer-scherneck.de/referenzen/","1950 Hubraum: 10.000 ccm PS: 55 Baujahr: 1950 Share This VW Bora Variant Automobil view detail Project Information Project name: VW Bora Variant Category:"
"1321","2019-02-28","internetbasiert","PTC Fuels Leadership Momentum in Industrial IoT with New Manufacturing Workforce Productivity Solution. 0800hardware.de, 2019-02-28","http://0800hardware.de/ptc-fuels-leadership-momentum-in-industrial-iot-with-new-manufacturing-workforce-productivity-solution/","The ease of use of a Nano board with the addition of secure IoT and BT connectivity Small (45mm x 18mm), robust and powerful board; 3.3V variant of the Nano family."
"1322","2018-09-24","internetbasiert","Destiny 2 ist zu lahm? Schnappt Euch eine SSD für PS4 oder Xbox One. Mein-MMO.de, 2018-09-24","https://mein-mmo.de/ssd-festplatten-ps4-xbox-one-destiny-2/","hier werden die normalen konsolen versionen mit einer sdd verglichen, wie sieht es aus mit der pro version? ich hab im kopf, dass die bereits eine schnellere festplatte verbaut haben und somit eine sdd kaum rentiert. sollte youtube videos geben wo alle varianten verglichen werden."
"1323","2019-09-15","internetbasiert","Blog_Karwendel. peakture.de, 2019-09-15","https://peakture.de/blog%20peakture/karwendelhoehenweg.html","(variante)"
"1324","2020-07-26","internetbasiert","Volkswagen Golf VII Variant 1.6 TDI Join (EURO 6d-TEMP) - Autohaus A. Gotzen GmbH & Co. KG. Autohaus A. Gotzen GmbH & Co. KG, 2020-07-26","https://www.autohaus-gotzen.de/fahrzeuge/volkswagen-golf-vii-variant-1-6-tdi-join-euro-6d-temp-2/","Volkswagen Golf VII Variant 1.6 TDI Join (EURO 6d-TEMP) Kombi, Gebrauchtfahrzeug"
"1325","2020-06-10","internetbasiert","RE: Covid19 - Fluch oder Witz des Jahrhunderts ? - 11. ThaiTube.de - Forum für Reisen & Fotografie, 2020-06-10","https://www.thaitube.de/t64f3586-Covid-Fluch-oder-Witz-des-Jahrhunderts-10.html","Wall Street Journal for 3 Tagen: 'The highly transmissible Covid-19 Delta variant is generating rapidly rising caseloads in the U.K., but smaller increases in hospitalizations and fatalities...' https://www.wsj.com/articles/race-betwee...u-k-11624450110 Hier noch mal die Charts nachgereicht in besserer Aufloesung."
"1326","2019-05-22","internetbasiert","Kooperation: Sichere Mobilfunk-Kommunikation für das IoT. 0800hardware.de, 2019-05-22","http://0800hardware.de/kooperation-sichere-mobilfunk-kommunikation-fuer-das-iot/","The ease of use of a Nano board with the addition of secure IoT and BT connectivity Small (45mm x 18mm), robust and powerful board; 3.3V variant of the Nano family."
"1327","2020-01-01","internetbasiert","Matador MPS 400 Variant All Weather 2 215/65 R16 109 T. Autoreifenfinder, 2020-01-01","https://www.autoreifenfinder.ch/matador/mps-400-variant-all-weather-2/215-65-r16-109t-132148/","Der Matador MPS 400 Variant All Weather 2 ist ein Ganzjahresreifen für LKW."
"1328","2018-11-04","internetbasiert","Das Erbe der Macht - Band 1: Aurafeuer (Variant Cover Edition) von Andreas Suchanek. Das Erbe der Macht, 2018-11-04","https://www.erbedermacht.de/lovelybooks_lesepreis_2018_shortlist/erbe1_trans_small/","Zum Inhalt springen Home App E-Books Staffel 1 Staffel 2 Staffel 3 Hardcover Staffel 1 – Schattenchronik Staffel 2 – Schattenloge Staffel 3 – Schattensplitter Hörbuch Fotowand Newsletter Trailer Das Erbe der Macht – Band 1: Aurafeuer (Variant Cover Edition) von Andreas Suchanek Andreas 2018-11-04T13:46:03+01:00 Das Erbe der Macht – Band 1: Aurafeuer (Variant Cover Edition) von Andreas Suchanek Page load link Nach oben"
"1329","2018-09-24","internetbasiert","Anthem zeigt, wie man es früher spielen kann und es ist dreist. Mein-MMO.de, 2018-09-24","https://mein-mmo.de/anthem-zeigt-wie-man-es-frueher-spielen-kann-und-es-ist-dreist/","Und dann zu der 90€ variante noch Lootboxen + Ingameshop."
"1330","2020-11-04","internetbasiert","Covid-19 - Yogabati. Yogabati, 2020-11-04","https://www.yogabati.de/covid-19/","[...] [ultimate_heading main_heading=”COVID-19″ main_heading_color=”#b69590″ margin_design_tab_text=”” sub_heading_font_size=”desktop:25px;tablet:25px;tablet_portrait:25px;mobile_landscape:25px;mobile:25px;” main_heading_font_family=”font_family:Open Sans Condensed|font_call:Open+Sans+Condensed|variant:700″ main_heading_font_size=”desktop:40px;tablet:35px;tablet_portrait:35px;mobile_landscape:30px;mobile:30px;” main_heading_style=”font-weight:700;”][/ultimate_heading] Aufgrund der aktuellen Situation muss das Studio vorerst geschlossen bleiben. [...]"
"1331","2018-01-18","internetbasiert","Intel kämpft mit schwerer Sicherheitslücke (Update: Intel veröffentlicht Server-Benchmarks) - Hardwareluxx. Hardwareluxx Media GmbH, 2018-01-18","https://www.hardwareluxx.de/index.php/news/hardware/prozessoren/45319-intel-kaempft-mit-schwerer-sicherheitsluecke-im-prozessor-design.html","Spectre Variante 1:"
"1332","2019-01-01","internetbasiert","Doppel Din Radioblende mit Fach PRO Seat , Skoda, VW schwarz. Msh-Store, 2019-01-01","https://msh-store.de/fahrzeug-spezifisch/fahrzeugtypen/vw/radioblenden/2814/doppel-din-radioblende-mit-fach-pro-seat-skoda-vw-schwarz","Variant"
"1333","2018-02-22","internetbasiert","Endlich fertig mein Bel Air Schal. handmadebyroschi.blogspot.com, 2018-02-22","https://handmadebyroschi.blogspot.com/2018/02/endlich-fertig-mein-bel-air-schal.html","Die Anleitung gibt es für zwei Größen ich habe die größere variante gestrickt."
"1334","2019-03-12","internetbasiert","Volkswagen: 22 Millionen Elektroautos in zehn Jahren, ""fast 70 neue E-Modelle"". ecomento.de, 2019-03-12","https://ecomento.de/2019/03/12/vw-22-millionen-elektroautos-in-zehn-jahren-70-modelle/","Und bis das Y 2021 nach europa kommt sind die VW-MEB-fahrzeuge in mehreren varianten am markt:"
"1335","2019-01-17","internetbasiert","POLLO BURGER. vulcano-pizza.de, 2019-01-17","http://vulcano-pizza.de/POLLO-BURGER-CON-PANCETTA-E-UOVO","HIER VERSCHIEDENE VARIANTEN VOM"
"1336","2018-09-20","internetbasiert","Kaspersky: Angriffe auf IoT-Geräte nehmen zu. 0800hardware.de, 2018-09-20","http://0800hardware.de/kaspersky-angriffe-auf-iot-geraete-nehmen-zu/","Small (45mm x 18mm), robust and powerful board; 3.3V variant of the Nano family."
"1337","2020-07-31","internetbasiert","Kfz-Versicherung: Kaskoschutz hilft nach Wildunfällen. hasselwander.co.uk, 2020-07-31","https://www.hasselwander.co.uk/kfz-versicherung-kaskoschutz-hilft-nach-wildunfaellen/","So zahlt beispielsweise eine Familie aus dem Berliner Umland für den reinen Vollkaskoschutz ihres vier Jahre alten VW Golf Variant im günstigsten Falle 261 Euro im Jahr."
"1338","2018-01-15","internetbasiert","Google: Retpoline schützt Cloud-Anwendungen vor „Spectre Variant 2“ ohne Leistungsverlust. Caschysblog, 2018-01-15","https://stadt-bremerhaven.de/google-retpoline-schuetzt-cloud-anwendungen-vor-spectre-variant-2-ohne-leistungsverlust/","Für Spectre Variant 1 und Meltdown gab es bereits Updates, Sorgen macht aber weiterhin Spectre Variant 2. Diese Lücke lässt sich zwar patchen, jedoch geht dies in der Regel mit einem Leistungsverlust einher."
"1339","2018-08-09","internetbasiert","Atlantik Elektronik präsentiert die neue IoT Plattform 6560 von Inforce Computing. 0800hardware.de, 2018-08-09","http://0800hardware.de/atlantik-elektronik-praesentiert-die-neue-iot-plattform-6560-von-inforce-computing/","The ease of use of a Nano board with the addition of secure IoT and BT connectivity Small (45mm x 18mm), robust and powerful board; 3.3V variant of the Nano family."
"1340","2020-01-01","internetbasiert","21-220. isover.ch, 2020-01-01","https://www.isover.ch/de/solutions/21-220","Description Unité 1 Unité 2 Variant 1 Variant 2 Variant 3 Variant 4 Variant 5 Variant 6 PB F 030 d [mm] – – – – 40 100 PB F 030 d [mm] 120 140 180 200 200 200 Wärmeschutz im Winter und Sommer * ** ** ** *** Wärmedurchgangskoeffizient:"
"1341","2018-01-08","internetbasiert","meltdown und spectre: auch xbox360 und ps3 verwundbar. gizmeo.eu | inside the machine, 2018-01-08","https://gizmeo.eu/meltdown-und-spectre-auch-xbox360-und-ps3-verwundbar/","CVE-2017-5715 [branch target injection] aka 'Spectre Variant 2' * Mitigation 1 * Hardware (CPU microcode) support for mitigation:"
"1342","2019-11-08","internetbasiert","ID. Space Vizzion: VW zeigt einen Elektro-Kombi - electrive.net. electrive.net, 2019-11-08","https://www.electrive.net/2019/11/08/id-space-vizzion-vw-zeigt-einen-elektro-kombi/","Space Vizzion definiere ein völlig neues, rein elektrisches Fahrzeugsegment – er sei „ein Variant von morgen, der die aerodynamischen Eigenschaften eines Gran Turismo mit den großzügigen Raumverhältnissen eines SUV verbindet“."
"1343","2019-02-23","internetbasiert","ITB021 Vielfaltsverlust. In trockenen Büchern, 2019-02-23","https://in-trockenen-buechern.de/itb021-vielfaltsverlust/","Als Folge musste man sich immer weniger mit Vielfalt auseinandersetzen, bzw. verwechselt die diversifizierten varianten der gleichen Sache mit Vielfalt und hat somit verlernt damit umzugehen."
"1344","2018-10-08","internetbasiert","Statt Frischhaltefolie: plastikfreie Wachstücher selber machen. Smarticular, 2018-10-08","https://www.smarticular.net/oekologische-frischhaltefolie-ohne-plastik-selbermachen/","Habe es eben ausprobiert, allerdings die vegane alternative mit dem carnaubawachs. es hat ja einen deutlich höheren schmelzpunkt… es ist relativ schwierig zu verteilen finde ich. mit dem pinsel kann man kaum arbeiten. nachdem mein tuch vollständig getränkt und getrocknet war, habe ich ein glas damit bedecken wollen. es ist sehr hart und kaum biegsam, von alleine wird das tuch nciht halten, man muss noch ein gummiband oä hinzuziehen. ich werde es trotzdem nurtzen, jedoch denke ich, dass die bienenwachs variante da etwas handlicher ist."
"1345","2020-03-01","internetbasiert","Wandelbar. korund-schmuck.de, 2020-03-01","https://korund-schmuck.de/wandelbar-2/","VARIANTE FEINGOLDRAND"
"1346","2018-05-31","internetbasiert","VW Golf Variant: Zuverlässigkeit und Erfolg seit 1993. Auto-Kombi, 2018-05-31","https://www.kombi.de/vw-golf-variant/","Die Produktion des Golf V Variant wurde allerdings bereits nach zwei Jahren eingestellt, da das Modell vom Golf VI Variant abgelöst wurde."
"1347","2019-12-16","internetbasiert","Casino Spiele Varianten – Die besten app online spielautomaten. digital-agentur.tech, 2019-12-16","https://digital-agentur.tech/casino-spiele-varianten-die-besten-app-online-spielautomaten/","Casino spiele varianten und auch bei ihren persönlichen Events versorgt Sie der Catering-Service des Landgasthofs individuell, ohne viel Aufwand:"
"1348","2020-08-03","internetbasiert","Labornetzteil 24V 10A Ersatzteilversand. forum.electronicwerkstatt.de, 2020-08-03","https://forum.electronicwerkstatt.de/phpBB/Projekte_im_Selbstbau/labornetzteil_24v_10a-t106481f34_bs0.html","Gibt es denn noch eine einfache möglichkeit ein Labornetzteil mit eiem oder meheren B3370V (DDR variante vom Lm317) aufzubauen?"
"1349","2019-12-05","internetbasiert","5 Weihnachtsdeko Ideen| 5 Idei de decorat pentru craciun| 5 Christmas decoration ideas. Blogger, 2019-12-05","https://ideenundinspiration.blogspot.com/2019/12/5-weihnachtsdeko-ideen-5-idei-de.html","Aveti doua variante: a) le puneti pe o hartie de copt si le lasati pe calorifer sa se usuce, dar dureaza cam 14 zile."
"1350","2020-08-03","internetbasiert","Variant 3500 U6 | 620x210cm - 3,5t | Kippbarer Multitransporter mit Hochplane & Airlinefront. PKW-Anhänger kaufen bei P+P Anhängercenter | Wohnmobil Vermietung & Anhängervermietung, 2020-08-03","http://www.ppanhaengercenter.com/store/p866/Variant-3500-U6-Plane-Airlinefront.html","Hersteller: Variant"
"1351","2020-06-26","internetbasiert","VW baut letzten Verbrenner in Zwickau - electrive.net. electrive.net, 2020-06-26","https://www.electrive.net/2020/06/26/vw-baut-letzten-verbrenner-in-zwickau/","Das letzte Verbrenner-Modell war ein weißer Golf R Variant für einen Kunden in Deutschland, wie VW in einer Mitteilung schreibt."
"1352","2020-01-01","internetbasiert","24-300. isover.ch, 2020-01-01","https://www.isover.ch/de/solutions/24-300","Description Unité 1 Unité 2 Variant 1 Variant 2 Variant 3 Variant 4 Variant 5 Variant 6 PB M 030 d [mm] 60 60 60 60 60 60 ISOCONFORT 032 PR d [mm] 120 140 160 180 200 240 ISOCOMPACT 034 d [mm] 60 60 60 60 60 60 Wärmeschutz im Winter und Sommer *** *** *** *** *** **** Wärmedurchgangskoeffizient:"
"1353","2020-07-30","internetbasiert","Attraktive Mietwagenangebote von Europcar für die kalte Jahreszeit. hasselwander.co.uk, 2020-07-30","https://www.hasselwander.co.uk/attraktive-mietwagenangebote-von-europcar-fuer-die-kalte-jahreszeit/","Im Rahmen des Winter-Specials erhalten Europcar Kunden ab sofort und bis zum 31. März 2014 bei allen Reservierungen eines Kombi Mietwagens der Kategorie Intermediate beispielsweise einen VW Passat Variant schon ab 33 Euro pro Tag (für eine Anmietung von sieben Tagen)."
"1354","2018-01-15","internetbasiert","Google: Retpoline schützt Cloud-Anwendungen vor „Spectre Variant 2“ ohne Leistungsverlust. Caschysblog, 2018-01-15","https://stadt-bremerhaven.de/google-retpoline-schuetzt-cloud-anwendungen-vor-spectre-variant-2-ohne-leistungsverlust/","Für Spectre Variant 1 und Meltdown gab es bereits Updates, Sorgen macht aber weiterhin Spectre Variant 2. Diese Lücke lässt sich zwar patchen, jedoch geht dies in der Regel mit einem Leistungsverlust einher."
"1355","2020-01-24","internetbasiert","VW Passat Variant Facelift - Der Kronprinz - NewCarz.de. NewCarz.de, 2020-01-24","https://www.newcarz.de/2020/01/24/vw-passat-variant-facelift-der-kronprinz/","Im Fahrprogramm „Normal“ zeigt das VW Passat Variant Facelift eine gesunde Grundstraffung, welche im Modus „Sport“ nochmals spürbar drahtiger wird."
"1356","2020-01-01","internetbasiert","32-300. isover.ch, 2020-01-01","https://www.isover.ch/de/solutions/32-300","[...] Description Unité 1 Unité 2 Variant 1 Variant 2 Variant 3 Variant 4 Variant 5 Variant 6 Zementestrich d [mm] 70 70 70 70 70 70 LURO 814 d [mm] – – – 60 60 60 LURO 814 d [mm] 60 60 80 60 60 80 LURO 814 d [mm] 60 80 80 60 80 80 Wärmeschutz im Winter * ** ** ** *** Wärmedurchgangskoeffizient U [W/(m2 K)] 0.26 0.22 0.20 0.18 0.16 0.15 Wärmeschutz im Sommer Wärmespeicherfähigkeit (mit Rsi) κi,oben [Wh/m2 K)] 13 13 13 13 13 13 Schalldämmung Bewertetes Schalldämm-Mass Rw ca. [dB] 73 74 75 76 77 77 Bewerteter Norm-Trittschallpegel L'nw [dB] 41 41 41 41 41 41 Spektrum-Anpassungswerte (Ci) [...]"
"1357","2018-06-01","internetbasiert","Fertighaus Variant 25-166 mit Einliegerwohnung Variante 2 | HANSE HAUS. Hanse Haus, 2018-06-01","https://www.hanse-haus.ch/de/architektur/haeuser/haus/variant-25-166-mit-einliegerwohnung-variante-2/","Getrennte Eingänge für beide Wohneinheiten sorgen beim Variant 25-166 für viel Privatsphäre"
"1358","2019-08-01","internetbasiert","Schwarwel Gevatter #1 „Kapitel Eins: Verleugnung“ (Variant) – AUSVERKAUFT - Glücklicher Montag Shop. Glücklicher Montag Shop, 2019-08-01","https://gluecklicher-montag-shop.de/produkt/gevatter-1-kapitel-eins-verleugnung-variant-edition/","Schwarwel Gevatter #1 „Kapitel Eins: Verleugnung“ (Variant Edition) Cover: Sascha Wüstefeld Story, Artwork & Zeichnungen:"
"1359","2018-09-24","internetbasiert","Destiny 2 ist zu lahm? Schnappt Euch eine SSD für PS4 oder Xbox One. Mein-MMO.de, 2018-09-24","https://mein-mmo.de/ssd-festplatten-ps4-xbox-one-destiny-2/","wäre die sandisk also die optimale und teuerste variante?"
"1360","2019-12-19","internetbasiert","Haba Puppe Mädchen individuell bestickt mit Name | Kinderhaus Blaubär. kinderhaus-blaubaer.de, 2019-12-19","https://www.kinderhaus-blaubaer.de/spielzeug/spielzeug-fuer-kleinkinder/puppen/haba-puppe-maedchen-individuell-bestickt-mit-name_34085_52344","[...] { _tsRatingConfig = { tsid : 'X0C74C395F78C2D0663798C126CCFC286', element : '#ts_review_sticker', variant : 'testimonial', reviews : '5', betterThan : '3.0', richSnippets : 'on', backgroundColor : '#FFDC0F', linkColor : '#000000', quotationMarkColor : '#FFFFFF', fontFamily : 'Arial', reviewMinLength : '10' }; var scripts = document.getElementsByTagName('SCRIPT'), me = scripts[scripts.length - 1]; var _ts = document.createElement('SCRIPT'); _ts.type = 'text/javascript'; _ts.async = true; _ts.src = '//widgets.trustedshops.com/reviews/tsSticker/tsSticker.js'; me.parentNode.insertBefore(_ts, me); _tsRatingConfig.script = _ts; })(); [...]"
"1361","2020-01-01","internetbasiert","Entdecken Sie den VW Passat Variant im Volkswagen Zentrum Pillenstein an der Stadtgrenze Nürnberg/Fürth. ✅Neu- und ✅Gebrauchtwagen ✅kaufen / ✅leasen. Jetzt Probefahrt vereinbaren!. https://www.pillenstein.de/, 2020-01-01","https://www.pillenstein.de/autos/vw-pkw/neuwagen/passat-variant/","Der optionale Emergency Assist ist in der Lage, Ihren Passat Variant in medizinischen Notsituationen kontrolliert zum Stehen zu bringen und das ACC hält für Sie die von Ihnen gewünschte Geschwindigkeit und den Abstand zum vorausfahrenden Fahrzeug."
"1362","2019-01-23","internetbasiert","Tuya-Convert: IoT-Geräte ohne Löten vom Cloud-Zwang befreien. 0800hardware.de, 2019-01-23","http://0800hardware.de/tuya-convert-iot-geraete-ohne-loeten-vom-cloud-zwang-befreien/","The ease of use of a Nano board with the addition of secure IoT and BT connectivity Small (45mm x 18mm), robust and powerful board; 3.3V variant of the Nano family."
"1363","2019-08-01","internetbasiert","Schwarwel Gevatter #1 „Kapitel Eins: Verleugnung“ (Variant) – AUSVERKAUFT - Glücklicher Montag Shop. Glücklicher Montag Shop, 2019-08-01","https://gluecklicher-montag-shop.de/produkt/gevatter-1-kapitel-eins-verleugnung-variant-edition/","Hier erhältlich: www.gluecklicher-montag-shop.de/product/graphic-novel-schwarwel-gevatter-verleugnung-heft-1 Das auf 100 Stück limitierte Variant Cover erschuf Sascha Wüstefeld (Das UpGrade, Sorgenfresser, Der kleine ICE)"
"1364","2018-05-31","internetbasiert","VW Golf Variant: Zuverlässigkeit und Erfolg seit 1993. Auto-Kombi, 2018-05-31","https://www.kombi.de/vw-golf-variant/","Golf 7 Variant: Ein VW-Kombi für den Alltag"
"1365","2020-01-01","internetbasiert","Debon Dreiseitenkipper DDK 180x306 2,6t|E-Pumpe|Aktion. Koch Anhängerwerke, 2020-01-01","https://www.kochanhaengerwerke.de/kipper/3-seitenkipper/debon-dreiseitenkipper-ddk-180x306-2-6t-e-pumpe-aktion","Variant Heckkipper Variant 168x320cm 2,7t | E-Pumpe | Rampen | Gitter | Aktion"
"1366","2020-01-01","internetbasiert","11-600. isover.ch, 2020-01-01","https://www.isover.ch/de/solutions/11-600","Description Unité 1 Unité 2 Variant 1 Variant 2 Variant 3 Variant 4 Variant 5 Variant 6 PB M 030 d [mm] 80 100 80 100 80 100 ISOCONFORT 032 d [mm] 120 120 140 140 160 160 Wärmeschutz im Winter und Sommer ** ** ** ** ** *** Wärmedurchgangskoeffizient:"
"1367","2019-04-29","internetbasiert","OMAN - Kultur und Baden. ABGRAZANWELT, 2019-04-29","https://abgrazanwelt.at/kultur-und-baden-im-oman/traumziele/","VARIANTE A VARIANTE B"
"1368","2020-04-01","internetbasiert","TAT0210 - Vertrauen aufbauen durch Bewertungen auf Facebook, LinkedIn und Google my Business | TheAngryTeddy.com - Social Media & Online Marketing. TheAngryTeddy.com - Social Media & Online Marketing, 2020-04-01","https://theangryteddy.com/tat0210-vertrauen-aufbauen-durch-bewertungen-auf-facebook-linkedin-und-google-my-business/","[13:15] Er wäre ein bisschen eintauchen möchte, hat natürlich auch die möglichkeit gewinnspiele zu veranstalten da ist wahrscheinlich so die beliebteste variante schick einen screenshot deiner bewertung und dann nimmst du am gewinnspiel teil, natürlich da und dort ein bisschen weil natürlich sowas wie fälschung sicherheit ja da wird schon ein bisschen schwierig auf der anderen seite wird man wahrscheinlich in den meisten fällen auch gut zuordnen können ob da wirklich die leute sagen die sagen sie haben bewertet auch die sind die bewertet haben."
"1369","2020-01-01","internetbasiert","MERCEDES E-Klasse Karosserie. Autoteile-Rathenow Autoteile-Premnitz Ersatzteile Neuteile - Automarkt in Rathenow - Premnitz, 2020-01-01","https://www.autoteile-rathenow.de/gebrauchtteile/mercedes-teilekatalog/mercedes-e-klasse/mercedes-e-klasse-karosserie/","[...] Kundengruppe: Gast Registrieren Anmelden TOP Produkte Mercedes C-Klasse 00-05 W203 Xenonscheinwerfer links Fahrerseite 1305235458 TOP Produkte Fahrradträger Opel Astra G Caravan original TOP Produkte Mercedes W203 MOPF Kopfstütze vorne rechts oder links A2039703378 Schwarz TOP Produkte Renault Kangoo 98-03 Hecktür rechts blau Farbcode 432 TOP Produkte VW Bora Facelift Scheinwerfer vorne links HELLA 963597-00L2 TOP Produkte Barkas B1000 Kühler TOP Produkte VW Golf III Variant Tür hinten rechts weiss Farbcode LB9A TOP Produkte VW SEAT Motorsteuergerät 6K0 906032 AE // 0 261 207 230 TOP Produkte MPK Verdunklungsrollo für Modell 42 / 44 / 46 grau TOP Produkte Barkas B1000 - Kupplungsscheibe neu TOP Produkte Barkas B1000 Nebelscheinwerfer TOP Produkte 4x Reifen Nexen N8000 245x45 ZR19 Kategorien NEUTEILE (25) GEBRAUCHTTEILE (295) AUDI - Teilekatalog (20) ALFA ROMEO - Teilekatalog BARKAS B1000 - Teilekatalog (49) BMW - Teilekatalog (10) CITRÖN - Teilekatalog (2) FIAT - Teilekatalog (5) FORD - Teilekatalog (14) HONDA Teilekatalog HYUNDAI - Teilekatalog (6) [...]"
"1370","2018-10-17","internetbasiert","Ordner und Dateien umbenennen. 🥇 Pc-Hilfe Bodensee, 2018-10-17","https://pchilfe-bodensee.de/tutorials-tipps/computerbedienung-tutorials/ordner-und-dateien-umbenennen/","Variant 1 zum Umbenennen von Ordern und Dateien"
"1371","2020-01-01","internetbasiert","Der Anfang - typ3family.de. typ3family.de, 2020-01-01","https://www.mytyp3.de/dolf/der-anfang.html","Also machte ich mich auf die Suche nach meinem VW 1600 Typ3 Variant."
"1372","2018-03-11","internetbasiert","Ein Eichhörnchen am Vogelhaus im Garten. romantischeslandleben.blogspot.com, 2018-03-11","https://romantischeslandleben.blogspot.com/2018/03/ein-eichhornchen-am-vogelhaus-im-garten.html","das ist ja wirklich ein allerliebstes exemplar - und wie ich eben bei silkes beitrag schrieb, ist es auch ein einheimisches. die können nämlich sehr unterschiedliche färbungen haben! zu uns kommt zur zeit auch die rote variante, aber ich habe hier auch schon dunklere gesehen. ich lege ihnen überigens immer noch ungeknackte walnüsse oder erdnüsse hin, dann haben sie gleich was zu tun;)! AntwortenLöschen"
"1373","2018-03-14","internetbasiert","Herzmuskelentzündung. Frag den Professor © 2023, 2018-03-14","https://www.frag-den-professor.de/experten/herzmuskelentzuendung/","An attenuated variant of Coxsackievirus B3 preferentially induces immunoregulatory T cells in vivo."
"1374","2019-01-15","internetbasiert","Rallyelegende Walter Röhrl fährt Porsche Taycan. ecomento.de, 2019-01-15","https://ecomento.de/2019/01/15/walter-roehrl-faehrt-porsche-taycan/","Ausserdem bräuchte man einen Plug-in Antrieb um die Leistung des Taycan annähern zu können, und der währe ohne hin schwerer als die BEV variante."
"1375","2019-03-01","internetbasiert","TEAM TYGR. beyerdynamic GmbH & Co. KG, 2019-03-01","https://www.beyerdynamic.ch/team-tygr.html","Solved variant"
"1376","2018-06-20","internetbasiert","Der beste Mobile-Klon von Destiny kommt zur Switch. Mein-MMO.de, 2018-06-20","https://mein-mmo.de/mobile-klon-destiny-switch/","weitere 49% sind überteuerte Remastered varianten die ich für die PS4 für die hälfte oder nen drittel des Preises kriege."
"1377","2018-05-31","internetbasiert","VW Golf Variant: Zuverlässigkeit und Erfolg seit 1993. Auto-Kombi, 2018-05-31","https://www.kombi.de/vw-golf-variant/","Die vierte Generation: Golf VI Variant (2009 bis 2013)"
"1378","2019-05-20","internetbasiert","Schwarzwald: Alle Infos für deine Wanderung auf dem Albsteig. Phototravellers.de | Reiseblog für Abenteuer und Fotografie, 2019-05-20","https://phototravellers.de/schwarzwald-wanderung-albsteig/","Ich plane meine Wanderung auf dem Albsteig im September, frage mich jetzt ob ich die Ost oder West variante wandern soll (aus Zeitnot kann ich nur eine der beiden)……..was denkt ihr?"
"1379","2018-03-14","internetbasiert","Grippe - Basics | Frag den Professor. Frag den Professor Productions GmbH, 2018-03-14","https://www.frag-den-professor.de/experten/grippe-basics/","High genotypic diversity and a novel variant of human cytomegalovirus revealed by combined UL33 / UL56 genotyping with broad-range PCR."
"1380","2019-05-31","internetbasiert","Motorola One Action im Leistungstest aufgetaucht. Testberichte, News, Tablets & Smartphones, 2019-05-31","https://www.appdated.de/2019/05/95475/","The Exynos 9609 is a slightly lower clocked variant of the Exynos 9610 chipset that powers Samsung*’s Galaxy A50. Apart from the Exynos 9609 chipset, the Geekbench listing reveals the smartphone* will have 4GB of RAM, which is again identical to the One Vision."
"1381","2020-11-08","internetbasiert","Piston/Kolben Rider Bracelet. classychoice.de, 2020-11-08","https://classychoice.de/products/piston-kolben-rider-bracelet","This variant is currently sold out"
"1382","2019-07-15","internetbasiert","Thales und Tata Communications: Kooperation für eine gobale IoT-Sicherheitslösung. 0800hardware.de, 2019-07-15","http://0800hardware.de/thales-und-tata-communications-kooperation-fuer-eine-gobale-iot-sicherheitsloesung/","The ease of use of a Nano board with the addition of secure IoT and BT connectivity Small (45mm x 18mm), robust and powerful board; 3.3V variant of the Nano family."
"1383","2020-01-01","internetbasiert","Entdecken Sie den VW Passat Variant im Volkswagen Zentrum Pillenstein an der Stadtgrenze Nürnberg/Fürth. ✅Neu- und ✅Gebrauchtwagen ✅kaufen / ✅leasen. Jetzt Probefahrt vereinbaren!. https://www.pillenstein.de/, 2020-01-01","https://www.pillenstein.de/autos/vw-pkw/neuwagen/passat-variant/","Die intelligenten Assistenzsysteme im Passat Variant verbessern nicht nur den Fahrkomfort, sondern greifen dann ein, wenn es wirklich brenzlig wird."
"1384","2018-04-10","internetbasiert","Variant 25 - 183. TM Handelsvertretung, 2018-04-10","https://www.genau-mein-zuhause.de/pf/variant-25-183/","0175 36 56 530 Beratungsgespräch vereinbaren Primary Menu Startseite Über mich Leistungen Musterhaus Erfahrungen Kontakt 11. April 2018 Hanse Häuser Variant 25 -183 Hanse Haus Variant 25 -183 Hanse Haus Zurück Weiter"
"1385","2020-07-28","internetbasiert","Landwirtschafts-Simulator 15: Offizielles Add-On 2 kaufen - Preisvergleich. Gameplorer.de, 2020-07-28","https://www.gameplorer.de/preisvergleich/landwirtschafts-simulator-15-add-on-2/","Besonders die von virtuellen Farmern lange herbei gesehnten Holmer-Gerätschaften wie der Zuckerrüben-Roder Holmer TERRA Dos T4-40 oder das Trägerfahrzeug Holmer Terra Variant 600 Eco mit seinen verschiedenen Erweiterungen dürften in der Landwirtschafts-Simulator-Community für Begeisterung sorgen."
"1386","2019-06-28","internetbasiert","Gastro- und Stehtischgestelle | TischDirekt.de - Ihr Massivholzpartner. TischDirekt.de GmbH, 2019-06-28","https://www.tischdirekt.de/tischgestelle/gastro-und-stehtischgestelle/","VARIANTEN _____"
"1387","2020-12-19","internetbasiert","Kaspersky Security Cloud Personal. Lizenz2Go, 2020-12-19","https://lizenz2go.ch/products/kaspersky-security-cloud-personal","Lizenz Lizenztyp Vollversion Lizenzform ESD Lizenzdauer 1 Jahr Anzahl Geräte 3x oder 5x (siehe Auswahl) Sprache Multilingual Software Hersteller Kaspersky Produktfamilie Security Cloud Produktserie Personal Herst.-Nr. {{ variant.sku }} Systemanforderungen Betriebssystem Android ab 5.0"
"1388","2020-01-01","internetbasiert","22-210. isover.ch, 2020-01-01","https://www.isover.ch/de/solutions/22-210","[...] Description Unité 1 Unité 2 Variant 1 Variant 2 Variant 3 Variant 4 Variant 5 Variant 6 PB F 030 d [mm] 120 140 160 180 200 220 Wärmeschutz im Winter und Sommer * ** ** *** *** *** Wärmedurchgangskoeffizient U [W/(m2 K)] 0.21 0.18 0.16 0.15 0.13 0.12 Wärmeschutz im Sommer Wärmespeicherfähigkeit (mit Rsi) κi [Wh/m2 K)] 15 15 15 15 15 15 Schalldämmung Bewertetes Schalldämm-Mass Rw ca. [dB] 70 71 72 73 74 74 Ökologie Umweltbelastungspunkte UBP [Pt/(m2 a)] 1507 1524 1541 1558 1574 1591 Anteil Dämmung – [%] 7 8 9 10 11 12 [...]"
"1389","2020-03-02","internetbasiert","Alvi Baby Kugelschlafsack Molton Hippo silber 972-9 | Kinderhaus Blaubär. kinderhaus-blaubaer.de, 2020-03-02","https://www.kinderhaus-blaubaer.de/alvi-baby-kugelschlafsack-molton-hippo-silber-972-9_31586_47386","[...] { _tsRatingConfig = { tsid : 'X0C74C395F78C2D0663798C126CCFC286', element : '#ts_review_sticker', variant : 'testimonial', reviews : '5', betterThan : '3.0', richSnippets : 'on', backgroundColor : '#FFDC0F', linkColor : '#000000', quotationMarkColor : '#FFFFFF', fontFamily : 'Arial', reviewMinLength : '10' }; var scripts = document.getElementsByTagName('SCRIPT'), me = scripts[scripts.length - 1]; var _ts = document.createElement('SCRIPT'); _ts.type = 'text/javascript'; _ts.async = true; _ts.src = '//widgets.trustedshops.com/reviews/tsSticker/tsSticker.js'; me.parentNode.insertBefore(_ts, me); _tsRatingConfig.script = _ts; })(); [...]"
"1390","2019-12-31","internetbasiert","Hundetransportbox single mit schräger Rückwand günstig online kaufen | tectake. Tectake Deutschland, 2019-12-31","https://www.tectake.de/hundetransportbox-single-66-x-90-x-69-5-cm-401623","Für ein Golf 7 Variant leider ein bisschen zu groß aber für die Küche ausreichend.55Michael K."
"1391","2019-12-27","internetbasiert","VW Golf VII Variant zu verkaufen. autorevue.at, 2019-12-27","https://autorevue.at/marktplatz/vw-golf-vii-variant","Verkaufsgrund: Top gepflegter Nichtraucherwagen, Langstreckenfahrzeug, lückenloses Serviceheft: VW Golf Variant Rabbit 1,6 TDI Automatik mit Abstandsradar und Pickerl bis 07/2020 sucht neuen Besitzer, der die Tugenden zu schätzen weiß."
"1392","2019-08-14","internetbasiert","Internet of Things: Entscheider rechnen mit großem Einfluss auf das Kerngeschäft / Crisp-Studie “IoT – Make or Buy”. 0800hardware.de, 2019-08-14","http://0800hardware.de/internet-of-things-entscheider-rechnen-mit-grossem-einfluss-auf-das-kerngeschaeft-crisp-studie-iot-make-or-buy/","The ease of use of a Nano board with the addition of secure IoT and BT connectivity Small (45mm x 18mm), robust and powerful board; 3.3V variant of the Nano family."
"1393","2019-07-11","internetbasiert","Abfragen Archive - fullAccess. Fullaccess, 2019-07-11","https://www.fullaccess.de/access/tipps/abfragen","Function fctAlter(Geburtsdatum As Variant) As Variant On Error GoTo Err_fctAlter If IsDate(Geburtsdatum)"
"1394","2018-02-06","internetbasiert","Motoraufhängung Motorlager Motor Lager Getriebe Audi Seat Skoda VW Golf 4 Beetle. netspares.de, 2018-02-06","https://netspares.de/Auto-Ersatzteile/Motor-Motorteile/Motoraufhaengung-Motorlager-Motor-Lager-Getriebe-Audi-Seat-Skoda-VW-Golf-4-Beetle::3595.html","[...] 1.8 08.97-06.05 92 125 1781 VW GOLF IV (1J1) 1.8 T 08.97-06.05 110 150 1781 VW GOLF IV (1J1) 2.0 07.98-05.04 85 115 1984 VW GOLF IV (1J1) 1.9 TDI 10.97-05.04 66 90 1896 VW GOLF IV (1J1) 1.9 TDI 08.97-05.04 81 110 1896 VW GOLF IV Variant (1J5) 1.4 16V 05.99-06.06 55 75 1390 VW GOLF IV Variant (1J5) 1.6 05.99-04.02 74 101 1595 VW GOLF IV Variant (1J5) 1.6 08.00-06.06 75 102 1595 VW GOLF IV Variant (1J5) 1.6 16V 02.00-06.06 77 105 1598 VW GOLF IV Variant (1J5) 1.8 T 05.00-06.06 110 150 1781 VW GOLF IV Variant (1J5) 2.0 05.99-06.06 85 115 1984 VW GOLF IV Variant (1J5) 2.0 Bi-Fuel 02.02-06.06 85 116 1984 VW GOLF IV Variant (1J5) 1.9 TDI 05.99-05.06 66 90 1896 VW GOLF IV Variant (1J5) 1.9 TDI 05.99-06.01 81 110 1896 VW NEW BEETLE (9C1, 1C1) 1.6 06.00-09.10 75 102 1595 VW NEW BEETLE (9C1, 1C1 [...]"
"1395","2020-08-11","internetbasiert","Grundstücke & Wohnanlage in Drochtersen - Lemke Bau GmbH. Lemke Bau GmbH, 2020-08-11","https://www.lemke-bau.de/verkauf/","Pure Eleganz: Die geradlinige Optik bildet gemeinsam mit den vielfältigen Raumaufteilungs- varianten ein hochmodernes…"
"1396","2020-06-18","internetbasiert","Fachkosmetiker/in - Variante I inkl. Medical Beauty und Make-up. Kosmetikfachschule, 2020-06-18","https://www.kosmetikfachschule.de/kurs/teilzeitausbildung-fachkosmetikerin-6-monate/","FACHKOSMETIKER/IN – VARIANTE I INKL. MEDICAL BEAUTY UND MAKE-UP Teilzeit Ausbildung | ca. 6 Monate / samstags"
"1397","2019-01-01","internetbasiert","Original Aluminium Felge VW | Top-Preis: 1.104,90 €. Top-Preis: 1.104,90 €, 2019-01-01","https://www.basenio.de/guenstig-kaufen/original-aluminium-felge-vw-57193/_golf-7/","[...] KW, 150 PS VW Golf VII Variant 2013/05-2019/12 BA5 2.0 TDI 1968 ccm, 81 KW, 110 PS VW Golf VII Variant 2013/04-2019/12 BA5 2.0 TDI 4motion 1968 ccm, 110 KW, 150 PS VW Golf VII Variant 2013/05-2019/12 BA5, BV5 1.4 TSI 1395 ccm, 103 KW, 140 PS VW Golf VII Variant 2017/04-2019/12 BA5, BV5 1.5 TSI 1498 ccm, 110 KW, 150 PS VW Golf VII Variant 2017/01-2019/12 BA5, BV5 1.0 TSI 999 ccm, 63 KW, 86 PS VW Golf VII Variant 2016/11-2019/12 BA5, BV5 2.0 GTD 1968 ccm, 130 KW, 177 PS VW Golf VII Variant 2016/12-2019/12 BA5, BV5 2.0 R 4motion 1984 ccm, 213 KW, 290 PS VW Golf VII Variant 2016/12-2019/12 BA5, BV5 2.0 R 4motion 1984 ccm, 228 KW, 310 PS [...]"
"1398","2018-02-20","internetbasiert","Huawei P20 – der Akku soll etwas größer werden. Testberichte, News, Tablets & Smartphones, 2018-02-20","https://www.appdated.de/2018/02/huawei-p20-der-akku-soll-etwas-groesser-werden/","That would put the higher-end P20 variant on par with both the Mate 10 and Mate 10 Pro, significantly improving the 3,200 and 3,750mAh battery capacity of the Huawei P10* and P10 Plus respectively."
"1399","2018-01-01","internetbasiert","Bastuck Edelstahl Ø70mm Downpipe mit Kat VW Golf 7 1.2l + 1.4l TSI. Dein-Sportauspuff.de, 2018-01-01","https://dein-sportauspuff.de/bastuck-edelstahl-70mm-downpipe-mit-kat-vw-golf-7-1-2l-plus-1-4l-tsi.html","Auto: VW Golf 7 inkl. Sportsvan und Variant, 1.2l + 1.4l TSI mit Euro 5 und Euro 6 Motor"
"1400","2020-08-03","internetbasiert","mehrere Signale über eine Ader? Ersatzteilversand. forum.electronicwerkstatt.de, 2020-08-03","https://forum.electronicwerkstatt.de/phpBB/Elektroinstallation/mehrere_signale_ueber_eine_ader-t15876f17_bs0.html","Hab aber nur zwei adern zur verfügung sowie halt die drei für die steckdose. rein technisch ginge es ja mit den erwähnten varianten, nur hab ich da arge zweifel, ob die zulässig sind..."
"1401","2020-03-02","internetbasiert","Alvi Baby Kugelschlafsack Molton Exclusiv | Kinderhaus Blaubär. kinderhaus-blaubaer.de, 2020-03-02","https://www.kinderhaus-blaubaer.de/alvi-baby-kugelschlafsack-molton-exclusiv_31100_43955","[...] { _tsRatingConfig = { tsid : 'X0C74C395F78C2D0663798C126CCFC286', element : '#ts_review_sticker', variant : 'testimonial', reviews : '5', betterThan : '3.0', richSnippets : 'on', backgroundColor : '#FFDC0F', linkColor : '#000000', quotationMarkColor : '#FFFFFF', fontFamily : 'Arial', reviewMinLength : '10' }; var scripts = document.getElementsByTagName('SCRIPT'), me = scripts[scripts.length - 1]; var _ts = document.createElement('SCRIPT'); _ts.type = 'text/javascript'; _ts.async = true; _ts.src = '//widgets.trustedshops.com/reviews/tsSticker/tsSticker.js'; me.parentNode.insertBefore(_ts, me); _tsRatingConfig.script = _ts; })(); [...]"
"1402","2020-04-30","internetbasiert","VW in Straubing günstig kaufen | Lieferservice Straubing. Copyright 2020 www.audaris.de, 2020-04-30","https://www.auto-korn.de/straubing/vw/","Während Jetta und Golf Variant noch zu den Kompakten zählen, ist der Passat ein weiterer Klassiker, der bereits aus den 1970er Jahren bekannt ist."
"1403","2019-08-05","internetbasiert","Sollten Verträge der Heidelberger Leben gekündigt werden. LVoptimal.de, 2019-08-05","https://lvoptimal.de/blog/lebensversicherungen/sollten-vertraege-der-heidelberger-leben-gekuendigt-werden/","Deshalb ist diese Optionen eigentlich die schlechteste Variant."
"1404","2020-08-12","internetbasiert","Studie: Wasserstoff-Transport über die Straße ""keine wirklich nachhaltige Lösung"". ecomento.de, 2020-08-12","https://ecomento.de/2020/08/12/wasserstoff-transport-ueber-die-strasse-keine-nachhaltige-loesung-studie/","Der grüne Wasserstoff sollte unbedingt vom Anteil erhöht werden (wenn der Anteil über 50% liegt dann sollte er auch in neuen Bereichen eingesetzt werden in denen die effizientere AKKU- variante nicht geht."
"1405","2018-01-01","internetbasiert","Bastuck Edelstahl Ø70mm Downpipe mit Kat VW Golf 7 1.2l + 1.4l TSI. Dein-Sportauspuff.de, 2018-01-01","https://dein-sportauspuff.de/bastuck-edelstahl-70mm-downpipe-mit-kat-vw-golf-7-1-2l-plus-1-4l-tsi.html","[...] ccm³ 110 kW / 150 PS VW Golf 7 Sportsvan 1.2 TSI / 1197 ccm³ 63 kW / 85 PS VW Golf 7 Sportsvan 1.2 TSI / 1197 ccm³ 81 kW / 110 PS VW Golf 7 Sportsvan 1.4 TSI / 1395 ccm³ 92 kW / 125 PS VW Golf 7 Sportsvan 1.4 TSI / 1395 ccm³ 110 kW / 150 PS VW Golf 7 Variant 1.2 TSI / 1197 ccm³ 63 kW / 86 PS VW Golf 7 Variant 1.2 TSI / 1197 ccm³ 77 kW / 105 PS VW Golf 7 Variant 1.2 TSI / 1197 ccm³ 81 kW / 110 PS VW Golf 7 Variant 1.4 TSI / 1395 ccm³ 90 kW / 122 PS VW Golf 7 Variant 1.4 TSI / 1395 ccm³ 92 kW / 125 PS VW Golf 7 Variant 1.4 TSI / 1395 ccm³ 103 kW / 140 PS VW Golf 7 Variant 1.4 TSI / 1395 ccm³ 110 kW / 150 PS [...]"
"1406","2019-10-17","internetbasiert","Jaaaah... BK ist wieder da... - Stiefmutterblog - Das Online Magazin für Patchwork und zweite Familien. Stiefmutterblog - Das Online Magazin für Patchwork und zweite Familien, 2019-10-17","https://stiefmutterblog.com/forums/Thema/jaaaah-bk-ist-wieder-da/","Hier haben wir ja aber die luxuriöse variante das es einen kv+Partner und eine km + Partner gibt, incl. Wechselmodell."
"1407","2020-08-01","internetbasiert","petri-heil.ch | Inserate. Dimastersoftware, 2020-08-01","https://petri-heil.ch/de/home/inserate/home","Verkaufe mein Hensa Variant mit Schleikausrüstung und Rettungsmaterial inkl. Bootsanhänger (5j.)."
"1408","2018-12-02","internetbasiert","HUADLING SHOPold Zur Deko & Bayrisches Souvenir. HUADLING, 2018-12-02","https://huadling.de/?page_id=1104","Ein Bayrisches Souvenir in verschiedenen varianten einfach als Deko oder Glupperl"
"1409","2019-09-23","internetbasiert","Da Pass(a)t alles rein: VW Passat. Motorblock, 2019-09-23","https://motorblock.at/da-passat-alles-rein-vw-passat/","Einst war er der Liebling aller Väter: der VW Passat, besonders als Kombi, von VW „Variant“ genannt, war er das."
"1410","2019-05-09","internetbasiert","VW ID.3: Über 10.000 Registrierungen in 24 h, 200 Vorserienfahrzeuge bereits gebaut. ecomento.de, 2019-05-09","https://ecomento.de/2019/05/09/vw-elektroauto-id-3-ueber-10-000-registrierungen-in-24-stunden-200-vorserienfahrzeuge/","Komisch – welche varianten konnte man beim tesla M3 zunächst nur bestellen ?"
"1411","2020-01-01","internetbasiert","11-400. isover.ch, 2020-01-01","https://www.isover.ch/de/solutions/11-400","Description Unité 1 Unité 2 Variant 1 Variant 2 Variant 3 Variant 4 Variant 5 Variant 6 ISOCONFORT 032 PR d [mm] 160 160 180 180 200 240 PB M 030 d [mm] 40 60 60 80 100 140 Wärmeschutz im Winter und Sommer ** ** ** *** *** **** Wärmedurchgangskoeffizient:"
"1412","2019-03-25","internetbasiert","The Division 2: Tipps, um den Gear Score schnell auf 450 zu erhöhen. Mein-MMO.de, 2019-03-25","https://mein-mmo.de/the-division-2-gear-score-erhoehen/","In einer gruppe spielen die schon weiter sind ist die schnellste variante habe meine ganzen clanmates die am freitag 30 wurden direkt auf WR4 gepusht…"
"1413","2020-10-08","internetbasiert","Die 20 besten Milchschäumer (Ratgeber). Heimrichten.de, 2020-10-08","https://heimrichten.de/helfer-und-zubehoer/milchschaeumer/","Welche variante genau für sie richtig ist, müssen sie wissen."
"1414","2018-10-29","internetbasiert","Green's Herbstturnier ⋆ Golf Resort Kremstal. Golf Resort Kremstal GmbH, 2018-10-29","https://www.golfresort-kremstal.at/Turnierfotos/greens-herbstturnier/","[...] TURNIERFOTOS RYDERCUP CLUB-CHALLENGE SPIELEN ÜBER DIE PLÄTZE SERVICELEISTUNGEN GREENFEE GREENFEEAKTIONEN MITGLIEDSCHAFTEN GC KREMSTAL GC BERGERGUT EUROPEAN ZUSATZLEISTUNGEN GOLFSCHULE GOLFSHOP ONLINESHOP PLATZREIFE JETZT PROS TRAININGSZENTRUM EINSTEIGER GOLFKURSE GLOSSAR REGELN/ETIKETTE GRUPPENTRAINING KINDER/JUGEND KIDS-SOMMERCAMP WOHNEN UNSERE ANLAGE ZIMMER/PREISE SPECIAL PACKAGES LAGE/ANREISE BUCHUNGSANFRAGE RESTAURANT Speise- und Getränkekarte HOCHZEITEN EVENTS YOGA/MASSAGE FITNESS GUTSCHEINE AGB-Thai-Massage Green’s Herbstturnier Startseite Turnierfotos 2018 Green’s Herbstturnier [ult_createlink title=“ZURÜCK“ btn_link=“url:%2Fmitglieder%2Fturnierfotos-gc-kremstal%2F%232018|||“ link_hover_style=“Style_1″ text_hovercolor=“#006b50″ font_family=“font_family:Open Sans|font_call:Open+Sans|variant:600″ heading_style=“font-weight:600;“] Seniorenausflug 2019 Clubmeisterschaften 2018 Menü Zum Ändern Ihrer Datenschutzeinstellung, z.B. Erteilung oder Widerruf von Einwilligungen, klicken Sie hier rechts auf Einstellungen: [...]"
"1415","2019-08-29","internetbasiert","Ford Mondeo Turnier Hybrid im Test (2019): der Langstreckenkombi als sauberes Stadtauto. MeinAuto GmbH, 2019-08-29","https://www.meinauto.de/testberichte/ford-mondeo-turnier-hybrid-im-test-2019-der-langstreckenkombi-als-sauberes-stadtauto","Dieses Schicksal bleibt aber selbst dem neuen VW Passat Variant nicht erspart, der als Passat Variant Plug-in-Hybrid GTE 586 statt 650 Liter verstauen kann."
"1416","2020-01-01","internetbasiert","Matador MPS 400 Variant All Weather 2 195/70 R15 10 R. Autoreifenfinder, 2020-01-01","https://www.autoreifenfinder.ch/matador/mps-400-variant-all-weather-2/195-70-r15-10r-105305/","Der Matador MPS 400 Variant All Weather 2 ist ein Ganzjahresreifen für LKW."
"1417","2020-11-03","internetbasiert","VW Golf 8 Variant - Kompaktkombi in sechster Generation - NewCarz.de. NewCarz.de, 2020-11-03","https://www.newcarz.de/2020/11/03/vw-golf-8-variant-kompaktkombi-in-sechster-generation/","Je nach Antriebsversion kommt der neue Golf Variant auf eine theoretische Reichweite von bis zu 1.220 Kilometern."
"1418","2018-01-24","internetbasiert","Service Pack CARM Server Version V4.65 – 0080 | APIS Informationstechnologien GmbH. APIS Informationstechnologien GmbH, 2018-01-24","https://www.apis.de/software/products/changelogs/service-pack-carm-server-version-v4-65-0080/","The CARM Log file will now record which user has downloaded a module or module variant."
"1419","2018-01-17","internetbasiert","Panasonic führt an der CES 2018 Sands Expo neue IoT-Dienste mit Silicon-Valley-Startups ein. 0800hardware.de, 2018-01-17","http://0800hardware.de/panasonic-fuehrt-an-der-ces-2018-sands-expo-neue-iot-dienste-mit-silicon-valley-startups-ein/","The ease of use of a Nano board with the addition of secure IoT and BT connectivity Small (45mm x 18mm), robust and powerful board; 3.3V variant of the Nano family."
"1420","2020-01-01","internetbasiert","12-700. isover.ch, 2020-01-01","https://www.isover.ch/de/solutions/12-700","Description Unité 1 Unité 2 Variant 1 Variant 2 Variant 3 Variant 4 Variant 5 Variant 6 ISOTHERM 034 d [mm] 80 100 120 140 160 200 ISOTHERM 034 d [mm] 80 100 120 120 160 200 Wärmeschutz im Winter und Sommer * ** ** *** *** **** Wärmedurchgangskoeffizient:"
"1421","2018-09-17","internetbasiert","#0829 [Session-Life] Comic Loots von 04.2018 – 08.2018. Pulchritudinous, 2018-09-17","https://www.pulchi.de/2018/09/0829-session-life-comic-loots-von-04-2018-08-2018/","Heft Seiten: 68 Preis: 5,99 EUR Preis Variant: 10,00 EUR Preis Variant (Comic Room): 10,00 EUR"
"1422","2020-07-20","internetbasiert","Steuern mit dem Parallelport Ersatzteilversand. forum.electronicwerkstatt.de, 2020-07-20","https://forum.electronicwerkstatt.de/phpBB/Elektrische_Probleme/steuern_mit_dem_parallelport-t7073f6_bs0.html","Also ich hab auch schon mal so ein Projekt gestartet und bei meiner variante brauchte ich nur 2 Leitungen..."
"1423","2020-01-01","internetbasiert","Rux Variant Modulgerüst - gebraucht zum Bestpreis kaufen. Cetrac Gmbh - Gerüste & Schalungen, 2020-01-01","https://www.geruest.com/rux-variant/","Darüber hinaus sind die Gerüstteile des Rux Variant kompatibel mit der Rux Super Reihe."
"1424","2020-08-03","internetbasiert","Variant 2715 M2 | 260x150cm - 2,7t | Baumaschinenanhänger mit Blattfederung. PKW-Anhänger kaufen bei P+P Anhängercenter | Wohnmobil Vermietung & Anhängervermietung, 2020-08-03","http://www.ppanhaengercenter.com/store/p697/Variant-2715M2-Baumaschinen-Anhaenger-Blattfederung.html","Hersteller: Variant"
"1425","2020-01-01","internetbasiert","25-300. isover.ch, 2020-01-01","https://www.isover.ch/de/solutions/25-300","Description Unité 1 Unité 2 Variant 1 Variant 2 Variant 3 Variant 4 Variant 5 Variant 6 Gipsfaserplatte d [mm] – – 10 10 Gipsfaserplatte d [mm] 12.5 12.5 12.5 12.5 Holzständer 60 x 60 mm h [mm] 60 – 60 – Holzständer 60 x 120 mm h [mm] –"
"1426","2019-02-10","internetbasiert","Grundrezept für schnell, locker und einfach vegane Muffins + variante zum Valentinstag. Süße Sachen selber machen, 2019-02-10","https://sonjasahneschnitte.wordpress.com/2019/02/10/grundrezept-fuer-schnell-locker-und-einfach-vegane-muffins-variante-zum-valentinstag/","Grundrezept für schnell, locker und einfach vegane Muffins + variante zum Valentinstag"
"1427","2019-01-23","internetbasiert","Kurzrepertorisierungen mit Boger, Bönninghausen und Phatak. Forum für klassische Homöopathie, 2019-01-23","http://www.homoeopathiezirkel.de/t2637f59-Kurzrepertorisierungen-mit-Boger-Boenninghausen-und-Phatak.html","Zitat es ist eben eine nicht-klassische variante, die sich sehr gut mit kents repertorien ergänzt."
"1428","2019-03-24","internetbasiert","Programmier Tutorial: Apps für Android entwickeln – Teil 14: Mit Debugging Programmfehler im Quellcode finden. Mit Debugging Programmfehler im Quellcode finden in Android Studio, 2019-03-24","https://www.programmierenlernenhq.de/tutorial-android-debugging-mit-android-studio/","Debugging kann nur an Android Apps vorgenommen werden, für die ein Debug Build Variant konfiguriert wurde."
"1429","2019-05-10","internetbasiert","Blockchain, KI, IoT: Samsung SDS treibt die digitale Transformation voran. 0800hardware.de, 2019-05-10","http://0800hardware.de/blockchain-ki-iot-samsung-sds-treibt-die-digitale-transformation-voran/","The ease of use of a Nano board with the addition of secure IoT and BT connectivity Small (45mm x 18mm), robust and powerful board; 3.3V variant of the Nano family."
"1430","2020-01-01","internetbasiert","23-300. isover.ch, 2020-01-01","https://www.isover.ch/de/solutions/23-300","Description Unité 1 Unité 2 Variant 1 Variant 2 Variant 3 Variant 4 Variant 5 Variant 6 PB M KRAFT 035 d [mm] 120 140 160 Wärmeschutz im Winter und Sommer * ** ** Wärmedurchgangskoeffizient U [W/(m2 K)] 0.22 0.20 0.18 Wärmeschutz im Sommer Wärmespeicherfähigkeit (mit Rsi) κi [Wh/m2 K)] 12 12 12 Schalldämmung Bewertetes Schalldämm-Mass Rw ca. [dB] 58 58 59 Ökologie Umweltbelastungspunkte UBP [Pt/(m2 a)] 828 841 854 Anteil Dämmung – [%] 10 12 13"
"1431","2018-11-17","internetbasiert","POL-PDKH: Körperverletzung nach Verkehrskonflikt - Rheinland-Pfalz News. Rheinland-Pfalz News, 2018-11-17","https://rheinlandpfalz-news.de/2018/11/17/pol-pdkh-koerperverletzung-nach-verkehrskonflikt/","Zum Fluchtfahrzeug ist bekannt, dass es sich um einen dunklen VW Passat Variant älteren Baujahrs mit auffälligen dunklen Radnabenabdeckungen an den Hinterrädern handeln soll."
"1432","2019-01-01","internetbasiert","Original Aluminium Felge VW | Top-Preis: 1.104,90 €. Top-Preis: 1.104,90 €, 2019-01-01","https://www.basenio.de/guenstig-kaufen/original-aluminium-felge-vw-57193/_golf-7/","[...] BQ1, BE1, BE2 e-Golf 100 KW, 136 PS VW Golf VII Variant 2013/05-2019/12 BA5 1.2 TSI 1197 ccm, 77 KW, 105 PS VW Golf VII Variant 2013/05-2019/12 BA5 1.2 TSI 1197 ccm, 63 KW, 86 PS VW Golf VII Variant 2014/04-2019/12 BA5 1.2 TSI 1197 ccm, 81 KW, 110 PS VW Golf VII Variant 2013/09-2019/12 BA5 1.4 TGI CNG 1395 ccm, 81 KW, 110 PS VW Golf VII Variant 2014/05-2019/12 BA5 1.4 TSI 1395 ccm, 92 KW, 125 PS VW Golf VII Variant 2014/05-2019/12 BA5 1.4 TSI 1395 ccm, 110 KW, 150 PS VW Golf VII Variant 2013/05-2019/12 BA5 1.4 TSI 1395 ccm, 90 KW, 122 PS VW Golf VII Variant 2014/05-2019/12 BA5 1.4 TSI MultiFuel 1395 ccm, 92 KW, 125 PS VW Golf VII Variant 2013/04-2019/12 BA5 1.4 TSI MultiFuel 1395 ccm, 90 KW, 122 PS VW Golf VII Variant 2014/05-2019/12 BA5 1.6 1598 ccm, 81 KW, 110 PS VW Golf VII Variant 2013/05-2019/12 BA5 1.6 TDI 1598 ccm, 66 KW, 90 PS VW [...]"
"1433","2020-02-28","internetbasiert","meine-wiking-welt - 4 PKW Nr. Bereich 9012. 4 PKW Nr. Bereich 9012, 2020-02-28","https://www.meine-wiking-welt.eu/n-modelle/4-pkw/4-pkw-nr-bereich-9012/","4 PKW N2 1975-1977Citroen Pallas olivgrau, Bodenprägung “CITROEN“ + “PALLAS“ + “GERMANY“ + “WM“ // NSU Ro 80 rubinrot, Bodenprägung “NSU“ + “RO“ + “80“ + “GERMANY“ + “WM“ // MB 280 patinagrün, Bodenprägung “MERCEDES“ + “280“ + “GERMANY“ + “WM“. // VW Variant grauweiß, Bodenprägung “VW“ + “VARIANT“ + “GERMANY“ + “WM“."
"1434","2020-06-05","internetbasiert","Neues Design, frische Freisteller Flat Preise & BtoB. Bilder freistellen Service, 2020-06-05","https://www.studimat.de/neues-design-und-frische-preise/","Wir bieten daher die sFTP variante für Kunden mit täglichen Bildervolumen an."
"1435","2019-10-15","internetbasiert","lukullisch miesmuscheln. freie-lebenszeit.de, 2019-10-15","https://freie-lebenszeit.de/lukullisch-miesmuscheln/","alles auf den tisch. für die erwachsenen gibt es wein dazu und für die kinder wasser. desweiteren wird baquette gereicht. die kinder fahren am meisten auf die muscheln in roter sauce ab. ich auf die weiße variante. guten hunger! lasst es euch schmecken."
"1436","2020-01-01","internetbasiert","Pongratz Dreiseitenkipper PDK *Stahlbordwände* 176x310cm 3,5t|E-Pumpe|BWA. Koch Anhängerwerke, 2020-01-01","https://www.kochanhaengerwerke.de/kipper/3-seitenkipper/pongratz-dreiseitenkipper-pdk-stahlbordwaende-176x310cm-3-5t-e-pumpe-bwa","Variant Heckkipper Variant 168x320cm 2,7t | E-Pumpe | Rampen | Aktion"
"1437","2018-09-21","internetbasiert","Angebot. Autohaus Sabine Hempel: Mazda & Ford Händler in Braunschweig, 2018-09-21","https://autohempel.de/angebot/","Variante {{fahrzeugname}} {{car.variante}} Fahrzeugart {{car.fahrzeugart}} Erstzulassung {{car.erstzulassung}} Kilometerstand {{car.km}} km Motorisierung {{car.motorisierung}},"
"1438","2018-07-24","internetbasiert","Autotrailer mieten - Trailer Point. Trailer Point GmbH, 2018-07-24","https://www.trailer-point.de/vermietung/autotrailer-mieten/","Um diese Herausforderung zu meistern, wenden sich viele Online-Casinos an Vermietungsunternehmen wie Variant Multitransporter hindcarriage."
"1439","2020-08-05","internetbasiert","Hilfe bei Spannungsreglung von 4 bis 7 Volt auf konstant 3,5V und ca 0,5 bis 1A ? Ersatzteilversand. forum.electronicwerkstatt.de, 2020-08-05","https://forum.electronicwerkstatt.de/phpBB/Elektrische_Probleme/hilfe_bei_spannungsreglung_von_4_bis_7_volt_auf_konstant_3_5v_und_ca_0_5_bis_1a-t12078f6_bs0.html","Da hilft also nur die klassische Transistor-Konstantstromquelle bzw eine Opamp gesteuerte MOSFET variante, damit du noch bis hinunter zu 4V Eingangssapnnung sauberen Konstantstrom ziehen kannst."
"1440","2018-03-21","internetbasiert","[Lidl] Deluxe Camembert mit Preiselbeer-Birnen-Chutney - BlogTestesser. BlogTestesser, 2018-03-21","http://www.blogtestesser.de/2018/03/lidl-deluxe-camembert-mit-preiselbeer-birnen-chutney.html","Deluxe Camembert mit Preiselbeer-Birnen-Chutney in Tonschälchen von Menü Variant GmbH & Co. KG (Apetito Gruppe, z.B. Costa)"
"1441","2019-05-18","internetbasiert","Birgit Schneider-Bönninger auf der republica 2019 / Vielversprechendes für Beteiligungskultur in Bonn. smartestaedte.de, 2019-05-18","https://www.smartestaedte.de/2019/05/18/birgit-schneider-boenninger-auf-der-republica-2019-vielversprechendes-fuer-beteiligungskultur-in-bonn/","12:12 sind dann gibt es zwei varianten sich"
"1442","2020-08-03","internetbasiert","Variant 3321 TB | 414x210cm - 3,5t | Tridem Dreiseitenkipper Anhänger - Blattfederung - Bordwandaufsatz. PKW-Anhänger kaufen bei P+P Anhängercenter | Wohnmobil Vermietung & Anhängervermietung, 2020-08-03","http://www.ppanhaengercenter.com/store/p788/Variant-3321-TB-414-x-210-cm.html","Variant"
"1443","2020-02-28","internetbasiert","meine-wiking-welt - 1500 Variant Eckhauber. meine-wiking-welt.eu, 2020-02-28","https://www.meine-wiking-welt.eu/pkw/volkswagen/1500-variant-eckhauber/","VW 1500 Variant Eckhauber"
"1444","2018-12-01","internetbasiert","CUSTOM Game. beyerdynamic GmbH & Co. KG, 2018-12-01","https://www.beyerdynamic.ch/custom-game.html","Solved variant"
"1445","2020-12-04","internetbasiert","DayZ Namalsk Release 03.12.2020 › RGM-CLAN.de. DayZ Namalsk Release 03.12.2020, 2020-12-04","https://www.rgm-clan.de/news/dayz-namalsk-release-03-12-2020/","Es gibt 2 varianten der Namalsk Karte, die Karte kann im Steam Workshop aboniert und herunter geladen werden."
"1446","2020-08-03","internetbasiert","Variant 3325 P6 | 615x245cm - 3,5t | Tridem Hochlader Anhänger. PKW-Anhänger kaufen bei P+P Anhängercenter | Wohnmobil Vermietung & Anhängervermietung, 2020-08-03","http://www.ppanhaengercenter.com/store/p571/Variant-3325P6-Tridem-Hochlader-Anhaenger.html","Variant Hochlader offen"
"1447","2020-10-10","internetbasiert","Ab 350 Dollar und verspätet: Weitere AirPods Studio-Details geleakt • Apfellike.com. Apfellike.com, 2020-10-10","https://www.apfellike.com/2020/10/ab-350-dollar-und-verspaetet-weitere-airpods-studio-details-geleakt/","There will be another sport-like variant made of cheaper materials for $350."
"1448","2019-02-16","internetbasiert","Heckstoßstange RS-Style R32, VW Golf 4 - SRS-TEC. SRS-TEC, 2019-02-16","https://srs-tec.de/produkt/heckstossstange-rs-style-r32-vw-golf-4/","Golf 4 Typ: 1J Modelljahr: 1997 – 2003 Ausführung: alle (außer Kombi/Variant)"
"1449","2018-07-24","internetbasiert","Autotrailer mieten - Trailer Point. Trailer Point GmbH, 2018-07-24","https://www.trailer-point.de/vermietung/autotrailer-mieten/","Der 3021-L4 Multitransporter vom dänischen Hersteller VARIANT ist sehr vielseitig und eignet sich sowohl für den sicheren Transport von PKWs als auch für leichte Nutzfahrzeuge."
"1450","2019-01-14","internetbasiert","TDR I im Hughes 500E-Rumpf vom Heli-Center Berlin | ROTOR Magazin. ROTOR Magazin, 2019-01-14","https://www.rotor-magazin.com/tdr-i-im-hughes-500e-rumpf-vom-heli-center-berlin/","Hinzu kommen zahlreiche Lackier- varianten, die aus einem Standard-Trainer einen schicken Semiscaler zaubern."
"1451","2020-01-01","internetbasiert","VW Inspektion - Service für Ihr Auto | Volkswagen Österreich. Volkswagen Österreich, 2020-01-01","https://www.volkswagen.at/service-zubehoer/volkswagen-service/reparatur-wartung/inspektion","[...] Modell Baujahr statt ab im Vorteilspaket ab Jetta 05-10 347,- 258,- Jetta 11-16 352,- 259,- Golf IV 02-05 433,- 331,- Bora 02-05 433,- 331,- Golf Plus 05-09 347,- 258,- Golf Plus 10-16 339,- 251,- Golf V 04-09 326,- 244,- Touran 03-09 346,- 258,- Touran 11-16 343,- 258,- Golf VI 09-13 347,- 258,- Golf VII 1,2 L Benzin 12-16 329,- 246,- Golf VII TDI-CR 12-16 362,- 267,- Scirocco 1,4 L Benzin 08-16 325,- 241,- Eos 1,4 L Benzin 08-16 369,- 283,- Golf Variant 07-09 322,- 237,- Golf Variant 10-14 348,- 249,- Polo 1,2 L Benzin 08-09 263,- 200,- Polo 1,4 L TDI 08-09 327,- 240,- Polo 44-55 KW Benzin 10-16 300,- 225,- New Beetle 1,2 L Benzin 12-16 322,- 246,- Passat 06-07 344,- 257,- Passat 08-09 317,- 235,- Passat 10-14 349,- 259,- Passat 15-16 370,- 274,- Sharan 02-07 449,- 344,- Sharan 08-09 329,- 243,- Sharan 10-16 357,- 266,- Tiguan 07-10 317,- 235,- Tiguan 11-16 349,- 259,- Touareg 6 Zyl. Diesel 05-10 620,- 454,- Touareg 6 Zyl. Diesel 11-16 629,- 466,- [...]"
"1452","2019-02-20","internetbasiert","Dynamische Prüfsteuerung mit varianten Merkmalen – PDAP - Qualitätsmanagement & Digitalisierung. PDAP - Qualitätsmanagement & Digitalisierung, 2019-02-20","https://pdap.de/faq-2/dynamische-pruefsteuerung-mit-varianten-merkmalen/","Wir bieten das Verfahren zur dynamischen Prüfsteuerung mit varianten Merkmalen, als Addon für das SPC-Modul an."
"1453","2020-10-18","internetbasiert","Viren, Panikmache, Macht-Mißbrauch – die zweite Corona-Welle. Conservo, 2020-10-18","https://conservo.wordpress.com/2020/10/18/viren-panikmache-macht-missbrauch-die-zweite-corona-welle/","Dynamic tracking of variant frequencies revealed a recurrent pattern of G614 increase at multiple geographic levels: national, regional, and municipal."
"1454","2019-01-08","internetbasiert","BlackBerry Secure verspricht sichereres IoT. 0800hardware.de, 2019-01-08","http://0800hardware.de/blackberry-secure-verspricht-sichereres-iot/","Small (45mm x 18mm), robust and powerful board; 3.3V variant of the Nano family."
"1455","2020-07-25","internetbasiert","Flusswandler - Übertrager ( Entmagnetisierungs ) Problem Ersatzteilversand. forum.electronicwerkstatt.de, 2020-07-25","https://forum.electronicwerkstatt.de/phpBB/Projekte_im_Selbstbau/flusswandler_uebertrager_entmagnetisierungs_problem-t30190f34_bs0.html","( deshalb, weil ich ein verschieden Breites Tastverhältnis haben will, und es sich mit der gewöhnlichen variante nicht ausgehen würde, den Übertrager zu entmagnetisieren)."
"1456","2020-08-12","internetbasiert","Achsschenkel links vorne VW Golf VI Variant (AJ5) 1.6 TDI 77 kW 105 PS (07.2009-07.2013) | 112184. Kempers.de, 2020-08-12","https://www.kempers.de/achsschenkel-links-vorne-vw-golf-vi-variant-aj5-1k0407255p/112184","Bremsaggregat ABS VW Golf VI Variant (AJ5) 1.6 TDI 77 kW 105 PS (07.2009-07.2013)"
"1457","2019-07-01","internetbasiert","CCXP Cologne - Ein Fest für Nerds! - Renes Nerd Cave. Renes Nerd Cave, 2019-07-01","https://renesnerdcave.de/ccxp-cologne/","Passenderweise brachte der Verlag einige Variant Cover heraus, welche exklusiv auf der Convention erhältlich waren und von den beiden Superstars gezeichnet wurden."
"1458","2020-01-01","internetbasiert","25-310. isover.ch, 2020-01-01","https://www.isover.ch/de/solutions/25-310","[...] Description Unité 1 Unité 2 Variant 1 Variant 2 Variant 3 Variant 4 Variant 5 Variant 6 Gipsplatte GKB, Typ A d [mm] – – – 12.5 12.5 12.5 Gipsplatte GKB, Typ A d [mm] 12.5 12.5 12.5 12.5 12.5 12.5 Metallständer CW/UW 50 mm h [mm] 50 – – 50 – – Metallständer CW/UW 75 mm h [mm] – 75 – – 75 – Metallständer CW/UW 100 mm h [mm] – – 100 – – 100 ISOVOX d [mm] 45 60 80 45 60 80 Wärmeschutz im Sommer Wärmespeicherfähigkeit (mit Rsi) κi [Wh/m2 K)] 3 3 3 6 6 6 Schalldämmung Bewertetes Schalldämm-Mass Rw [dB] 42 44 47 51 54 56 Spektrum-Anpassungswerte (C;Ctr) [...]"
"1459","2020-11-01","internetbasiert","Die VW Golf Familie. Autohaus Vögler, 2020-11-01","https://voegler.de/auto-kaufen/neuwagen-modelle/die-golf-familie","Der Golf Variant ist das optimale Auto, wenn Sie sich mehr Platz wünschen und gleichzeitig Golf Feeling spüren möchten."
"1460","2018-05-25","internetbasiert","Dagestan. flaggenlexikon.de, 2018-05-25","https://flaggenlexikon.de/fdagestn.htm","Variante – variant,"
"1461","2020-01-01","internetbasiert","Ersatzteile und Zubehör (A - Z). vw-411.de, 2020-01-01","http://vw-411.de/Ersatzteile-und-Zubehoer-A-Z/","(Bei der Firma Rüter wurden die letzten Nachfertigungen gefertigt, für Limousine und Variant!)"
"1462","2020-10-29","internetbasiert","Mythos Corona, Gen-Impfstoffe, Massenimpfungen: Das sagen CDU/CSU, FDP sowie DIE LINKE.. Schariagegner, 2020-10-29","https://schariagegner.wordpress.com/2020/10/29/mythos-corona-und-die-riskanten-neuen-impfstoffe/","He has mathematically modelled the spread of diseases such as new variant Creutzfeldt–Jakob disease and AIDS."
"1463","2020-08-03","internetbasiert","Variant 3520 M5 | 460x198cm - 3,5t | Baumaschinentransporter mit Tridem Blattfederung. PKW-Anhänger kaufen bei P+P Anhängercenter | Wohnmobil Vermietung & Anhängervermietung, 2020-08-03","http://www.ppanhaengercenter.com/store/p540/Variant-3520M5-Tridem-Baumaschinenanhaenger-Blattfederung.html","Variant 3520 M5 | 460x198cm - 3,5t | Blattfederung"
"1464","2020-05-21","internetbasiert","Typen gibt's!. industrial-devops.org, 2020-05-21","https://www.industrial-devops.org/typen-gibts/","Damit nicht immer, wenn diese Einschränkung zu streng ist, auf den Typ variant zurückgegriffen werden muss, können alternative Datentypen angegeben werden."
"1465","2019-03-24","internetbasiert","Programmier Tutorial: Apps für Android entwickeln – Teil 14: Mit Debugging Programmfehler im Quellcode finden. Mit Debugging Programmfehler im Quellcode finden in Android Studio, 2019-03-24","https://www.programmierenlernenhq.de/tutorial-android-debugging-mit-android-studio/","Anschließend klappt am rechten Bildschirmrand das Build Variant Tool Window auf."
"1466","2020-09-21","internetbasiert","Jetzt bestellbar: Der neue VW Golf Variant. Autohaus Stoppanski, 2020-09-21","https://www.stoppanski.de/news/golf-variant-bestellbar/","Wir beraten Sie gerne zum neuen VW Golf Variant im Autohaus Stoppanski in Ettlingen und für Karlsruhe und Umgebung!"
"1467","2019-01-26","internetbasiert","Gefahr für den Golf - Usinger Anzeiger. Usinger Anzeiger, 2019-01-26","https://www.usinger-anzeiger.de/ratgeber/auto-und-motorrad/autotests/hyundai/gefahr-fur-den-golf_19922481","Der i30 Kombi in der Basisversion mit 73 kW/100 PS kostet übrigens ab 17450 Euro, der billigste Golf Variant (85 kW/115 PS) 22 200 Euro."
"1468","2018-12-01","internetbasiert","CUSTOM Game. beyerdynamic GmbH & Co. KG, 2018-12-01","https://www.beyerdynamic.de/custom-game.html","Solved variant"
"1469","2020-12-17","internetbasiert","Keine Impfexperimente in NRW. Schariagegner, 2020-12-17","https://schariagegner.wordpress.com/2020/12/17/keine-impfexperimente-in-nrw/","The variant was quickly named VUI-202012/01, the first „Variant Under Investigation“ in December 2020 and is defined by a set of 17 mutations the most significant being an N501Y mutation in the spike protein that the virus uses to bind to the human ACE2 receptor."
"1470","2019-12-19","internetbasiert","#maulwurfshuegelstattmüllberge ...stollen unverpackt. maulwurfshuegelig.blogspot.com, 2019-12-19","http://maulwurfshuegelig.blogspot.com/2019/12/maulwurfshuegelstattmullberge-stollen.html","[...] es dort ebenfalls unverpackt... was für eine schöne idee einen komplett plastikfreien stollen zu backen.noch dazu scheint es total einfach zu sein zitronat und orangeat selber zu machen... schöne ideen, scheinbar einfach, mehr leider nicht. als ich das letzte mal im unverpackt laden war habe ich all die zutaten zwar entdeckt, aber nicht gekauft. und seitdem hat es einfach nicht mehr gelappt. stattdessen blieb, auf der durchreise zu einem geburtstag, der schnelle sprint durch den supermarkt. immerhin noch zum zutatenkaufen und selber backen, in der lactosefreien variante (minus L butter und wasser statt milch) damit alle in der familie mitessen können. beim einlagern der selbigen festgestellt, dass zwischenzeitlich tatsächlich der letzte frischhaltefolie aufgebraucht und der letzte gefrierbeutel benutzt sind... so große dosen habe nicht... bienenwachstücher in tischdeckenformat natürlich auch nicht... also fragt besser nicht wie es ausgegangen ist, die alufolie will schließlich auch noch aufgebraucht werden. da steht man gefühlte drei stunden in der küche, hat teig geknetet, gehen lassen, geformt, gebacken, mit butter bepinselt in zucker gewälzt, die küche schaut aus [...]"
"1471","2020-05-22","internetbasiert","Wir erstellen Webseiten - Web-Skill Webdesign Griesheim. Web-Skill Webdesign Griesheim, 2020-05-22","https://web-skill.de/leistungen/webseite-erstellen-lassen/","Somit ist die Webseite als Marketing-Medium eine der günstigsten varianten überhaupt."
"1472","2019-01-10","internetbasiert","Zerlegt, nur wenige Ersatzteile auf Anfrage. autoverwertung-wildt.de, 2019-01-10","https://autoverwertung-wildt.de/vw-golf-iv-variant/","Typ: VW Golf IV Variant"
"1473","2019-01-28","internetbasiert","Einfache Hacker-Ziele: Schlechtes Passwort, IoT-Geräte und fehlende Zwei-Faktor-Authentifizierung. 0800hardware.de, 2019-01-28","http://0800hardware.de/einfache-hacker-ziele-schlechtes-passwort-iot-geraete-und-fehlende-zwei-faktor-authentifizierung/","The ease of use of a Nano board with the addition of secure IoT and BT connectivity Small (45mm x 18mm), robust and powerful board; 3.3V variant of the Nano family."
"1474","2018-08-15","internetbasiert","Variant 25-166 von Hanse Haus | Fertighaus.de. Fertighaus.de, 2018-08-15","https://www.fertighaus.de/haeuser/hanse-variant25166/","Mit seinem cleveren Grundriss ist das Variant 25-166 ein Haus, in dem die ganze Familie Raum für eigene Ideen findet."
"1475","2020-02-07","internetbasiert","Ledger Wallets. Bitconsult, 2020-02-07","https://www.bitconsult.ch/collections/ledger-wallets","[...] Anmelden oder Account erstellen Suchen Einkaufswagen 0 Menü Einkaufswagen 0 Suchen Home Hardware Wallets Ledger Wallets Alle Hardware Wallets Seed Storage Hardware Bundles Ledger Bundles Trezor Bundles Cryptotag Bundles Cryptosteel Bundles Special Bundles Consulting / Beratung Webinare und Seminare Persönliche 1on1 Sessions Individuelles Consulting Gadgets Anmelden Account erstellen Home Hardware Wallets Ledger Wallets Alle Hardware Wallets Seed Storage Hardware Bundles Ledger Bundles Trezor Bundles Cryptotag Bundles Cryptosteel Bundles Special Bundles Consulting / Beratung Webinare und Seminare Persönliche 1on1 Sessions Individuelles Consulting Gadgets Anmelden Account erstellen Sale Off Ledger Nano X SFr 174.00 JETZT VARIANTE AUSWÄHLEN Sale Off Ledger Nano S Plus SFr 89.00 JETZT VARIANTE AUSWÄHLEN Sale Off Ledger Family Pack X SFr 522.00 SFr 470.00 Jetzt bestellen Sale Off Backup Pack: [...]"
"1476","2018-04-04","internetbasiert","VW Versicherung & Kfz Unterhaltskosten, Steuern – Vergleich Rechner. Autokostenauskunft.net, 2018-04-04","https://www.autokostenauskunft.net/marken/vw/","VW Unterhaltskosten berechnen: Beispiel bei VW Passat Variant 1.4"
"1477","2020-09-09","internetbasiert","VW Golf 8 Variant R-Line Premiere und Golf Alltrack - Autogefühl. Autogefühl, 2020-09-09","https://www.autogefuehl.de/2020/09/09/vw-golf-8-variant-r-line-premiere-und-golf-alltrack/","Wir zeigen hier den VW Golf Variant R-Line, zudem kommt der Variant auch wieder als Offroad-Variante Golf Alltrack."
"1478","2019-07-29","internetbasiert","Fünf Wege für radelnde Italiener zum Bahnhof Lienz. Dolomitenstadt, 2019-07-29","https://www.dolomitenstadt.at/2019/07/29/fuenf-wege-fuer-radelnde-italiener-zum-bahnhof-lienz/","Bei variante 1 muss die Tristacherstrasse auf Höhe der Brücke nochmals gequert werden!"
"1479","2018-06-15","internetbasiert","Drenthe und Twente liegen im Osten der Niederlande. Buurtaal, 2018-06-15","https://www.buurtaal.de/drenthe-twente/","Bij Drenthe zie je beide varianten, hoewel die met „th“ de voorkeursspelling is."
"1480","2018-09-28","internetbasiert","Sägesicher? Sicher!. CyclingClaude - Online Magazin, Blog und Podcast, 2018-09-28","https://cyclingclaude.de/2018/09/28/meine-meinung-zum-tex-lock-2-0/","[...] ich selbst habe kein tex-loxk, habe aber die diskussion verfolgt, denn ich fand das schloss auf den ersten blick auch wirklich interessant. allerdings finde ich nach wie vor den werbeslogan “leicht.schön.sicher” von tex-lock sehr irreführend, denn mit einem gewicht von 1240 gramm (80 cm variante + schloss) kann man da wirklich nicht von leicht sprechen. gegenüber anderen schlössern bleibt also nur das “schön” übrig – und schöner als andere schlösser sind die tex-locks ohne zweifel. dafür haben sie auch einen echt “schönen” preis (110 € aufwärts). [...]"
"1481","2020-01-01","internetbasiert","AMPIRE Griffleisten-Kamera für VOLKSWAGEN Rückfahrsysteme Fahrzeugspezifische Rückfahrkameras & Zubehör VW / Volkswagen. soundstudio-seidel.de, 2020-01-01","https://www.soundstudio-seidel.de/rueckfahrsysteme/fahrzeugspezische-kameras/vw-volkswagen/ampire-griffleisten-kamera-volkswagen/a-12958/","Passend für: - VW Golf5 BJ 03-09 - VW Golf6 (5K) ab BJ 08 - VW Polo (9N) ab BJ 05-09 - VW Passat Variant ab BJ 07 - VW Passat B6 (nicht alle Modelle) - VW Passat CC - Seat Leon (1P)"
"1482","2019-02-07","internetbasiert","Tesla startet Model-3-Auslieferung in Europa. ecomento.de, 2019-02-07","https://ecomento.de/2019/02/07/tesla-startet-model-3-auslieferung-in-europa/","Vielleicht wird die bestellung dieser variante in kürze auch für europa freigegeben."
"1483","2018-06-28","internetbasiert","Thematurnier. Hamelner Schachverein, 2018-06-28","https://www.hamelnerschachverein.de/thematurnier-6/","Am 24. Juli spielen wir folgende Variante 1. e4 c5 2. Sc3 Sc6 3. f4 g6 4. Sf3 Lg7 5. Lc4 e6 6. f5 Sge7 7. fxe dxe 8. d3 0-0"
"1484","2019-11-08","internetbasiert","Neues Familienmitglied: ID. SPACE VIZZION wird auf der Los Angeles Auto Show vorgestellt. Tommy-Magazin.de, 2019-11-08","http://tommy-magazin.de/e-mobilitaet/neues-familienmitglied-id-space-vizzion-wird-auf-der-los-angeles-auto-show-vorgestellt/","Der ID. SPACE VIZZION ist ein Variant von morgen, der die aerodynamischen Eigenschaften eines Gran Turismo mit den groÃŸzÃ¼gigen RaumverhÃ¤ltnissen eines SUV verbindet."
"1485","2020-01-01","internetbasiert","ULTRA X TITAN Zündkerze. BERU Zündungsteile | BERU – Ihr Experte für Zündungstechnik, 2020-01-01","https://www.beruparts.de/find-my-part/10828968/beru-by-driv/ultra-x-titan/zundung/zundkerze/uxt14.pd.html","Passend für: {{make}} {{variant}} {{engine_display}} Passend für: Achse {{axle_code}} Passend für: Motor {{fitsEngineDisplay}}"
"1486","2020-01-01","internetbasiert","Vezeko Gitter-Aufsatz 100cm für KONOS 251x177|Hakengerät. Koch Anhängerwerke, 2020-01-01","https://www.kochanhaengerwerke.de/baumaschinen/multikipper/vezeko-gitter-aufsatz-100cm-fuer-konos-251x177-hakengeraet","Variant Heckkipper Variant 168x320cm 2,7t | E-Pumpe | Rampen | Aktion"
"1487","2020-01-01","internetbasiert","21-600. isover.ch, 2020-01-01","https://www.isover.ch/de/solutions/21-600","Description Unité 1 Unité 2 Variant 1 Variant 2 Variant 3 Variant 4 Variant 5 Variant 6 Kassettenbreite b [mm] 333 333 333 333 333 333 CLADISOL 032 d [mm] 80 100 120 80 100 120 PB F 030 d [mm] 80 80 80 100 100 100 Wärmeschutz im Winter und Sommer * * * * * * Wärmedurchgangskoeffizient:"
"1488","2020-01-01","internetbasiert","Dolf - Typ3.de. Typ3.de, 2020-01-01","https://www.typ3.de/dolf.html","Was denn für ein Variant?"
"1489","2020-05-23","internetbasiert","Nordvpn 5 Jahre – Nordvpn | Vorher, nachher…. Bester VPN-Vergleicher, 2020-05-23","http://minecraftopia.de/nordvpn-5-jahre-nordvpn-vorher-nachher/","Dass expressvpn ist immer die aktivitäten werden wiederkehrende bezahlung ein, zwei jahre, dann lies unser bestes vpn service erfahren möchtest, kannst du zwei varianten bevorzugt wird."
"1490","2020-07-09","internetbasiert","Platinen ätzen Ersatzteilversand. forum.electronicwerkstatt.de, 2020-07-09","https://forum.electronicwerkstatt.de/phpBB/Grundlagen/platinen_aetzen-t17333f26_bs0.html","Ich habe von einer variante gehört wo man nur auf einen Pltinenrohling mit edding zeichnet und dan den rest wegätzt."
"1491","2018-12-07","internetbasiert","OnePlus 6T: Leak gibt vorab Einblick in die McLaren Edition mit Warp Charge-Technologie an Bord. Caschysblog, 2018-12-07","https://stadt-bremerhaven.de/oneplus-6t-leak-gibt-vorab-einblick-in-die-mclaren-edition-mit-warp-charge-technologie-an-bord/","Here is your first look at the Official Renders of the OnePlus 6T McLaren Edition Speed Orange variant with 10GB+256GB Storage and super fast new 'Warp Charge' which will provide you a day's power in 20 minutes!"
"1492","2019-07-12","internetbasiert","Mexikaner singen dem allerletzten VW Beetle ein Ständchen. industriemagazin.at, 2019-07-12","https://industriemagazin.at/a/mexikaner-singen-dem-allerletzten-vw-beetle-ein-staendchen","Die VW-Modelle Tiguan, Jetta, Golf und Golf Variant werden weiterhin in Puebla hergestellt."
"1493","2019-07-23","internetbasiert","KELCH IoT realisiert cloudbasierte Prozesskontrolle. 0800hardware.de, 2019-07-23","http://0800hardware.de/kelch-iot-realisiert-cloudbasierte-prozesskontrolle/","The ease of use of a Nano board with the addition of secure IoT and BT connectivity Small (45mm x 18mm), robust and powerful board; 3.3V variant of the Nano family."
"1494","2020-10-05","internetbasiert","Bodenarbeitsseil Dünn - Prices from 51.60 to 58.75. Bataliru, 2020-10-05","https://bataliru.de/products/bodenarbeitsseil-dunn-prices-from-51-60-to-58-75","[...] Variant for price 55.7 Variant for price 56.2 Variant for price 56.65 Variant for price 56.75 Variant for price 57.25 Variant for price 57.7 Variant for price 58.75 Variant for price 51.6 Variant for price 52 Variant for price 52.1 Variant for price 52.2 Variant for price 52.45 Variant for price 52.55 Variant for price 52.65 Variant for price 53.05 Variant for price 53.15 Variant for price 53.25 Variant for price 53.5 Variant for price 53.6 Variant for price 53.7 Variant for price 54.1 Variant for price 54.2 Variant for price 54.55 Variant for price 54.65 Variant for price 54.75 Variant for price 55.15 Variant for price 55.25 Variant for price 55.6 Variant for price 55.7 Variant for price 56.2 Variant for price 56.65 Variant for price 56.75 Variant for price 57.25 Variant for price 57.7 Variant for price 58.75 In den Einkaufswagen legen Teilen Auf Facebook teilen Twittern Auf Twitter twittern Pinnen Auf Pinterest pinnen Teilen Auf Facebook teilen Twittern Auf Twitter twittern Pinnen Auf Pinterest pinnen [...]"
"1495","2019-04-10","internetbasiert","VW Golf Ankauf - VW Golf verkaufen bei Autoankauf - Auto Ankauf Export. Auto Ankauf Export, 2019-04-10","https://www.auto-ankauf-export.de/meistverkaufte-gebrauchtwagen/vw-golf-ankauf-vw-golf-verkaufen-bei-autoankauf/","Es wurde im Jahr 2004 durch einen neuen Golf Variant ersetzt."
"1496","2020-01-01","internetbasiert","Der Volkswagen Golf Variant: Der Allrounder. heisel.de, 2020-01-01","https://www.heisel.de/der-volkswagen-golf-variant-der-allrounder/","Machen Sie den sportlichen Auftritt Ihres Golf Variant perfekt:"
"1497","2019-06-07","internetbasiert","Wie die Blockchain IoT und Industrie 4.0 möglich macht. Wie die Blockchain IoT und Industrie 4.0 möglich macht, 2019-06-07","http://0800hardware.de/wie-die-blockchain-iot-und-industrie-4-0-moeglich-macht/","Small (45mm x 18mm), robust and powerful board; 3.3V variant of the Nano family."
"1498","2020-10-05","internetbasiert","Bodenarbeitsseil Dünn - Prices from 51.60 to 58.75. Bataliru, 2020-10-05","https://bataliru.de/products/bodenarbeitsseil-dunn-prices-from-51-60-to-58-75","[...] Variant for price 55.6 Variant for price 55.7 Variant for price 56.2 Variant for price 56.65 Variant for price 56.75 Variant for price 57.25 Variant for price 57.7 Variant for price 58.75 Variant for price 51.6 Variant for price 52 Variant for price 52.1 Variant for price 52.2 Variant for price 52.45 Variant for price 52.55 Variant for price 52.65 Variant for price 53.05 Variant for price 53.15 Variant for price 53.25 Variant for price 53.5 Variant for price 53.6 Variant for price 53.7 Variant for price 54.1 Variant for price 54.2 Variant for price 54.55 Variant for price 54.65 Variant for price 54.75 Variant for price 55.15 Variant for price 55.25 Variant for price 55.6 Variant for price 55.7 Variant for price 56.2 Variant for price 56.65 Variant for price 56.75 Variant for price 57.25 Variant for price 57.7 Variant for price 58.75 In den Einkaufswagen legen Teilen Auf Facebook teilen Twittern Auf Twitter twittern Pinnen Auf Pinterest pinnen Teilen Auf Facebook teilen Twittern Auf Twitter twittern Pinnen Auf Pinterest pinnen [...]"
"1499","2020-08-03","internetbasiert","Variant 3520 M5 | 460x198cm - 3,5t | Baumaschinentransporter mit Tridem Blattfederung. PKW-Anhänger kaufen bei P+P Anhängercenter | Wohnmobil Vermietung & Anhängervermietung, 2020-08-03","http://www.ppanhaengercenter.com/store/p540/Variant-3520M5-Tridem-Baumaschinenanhaenger-Blattfederung.html","Hersteller: Variant"
"1500","2020-02-09","internetbasiert","Introduction to AUTOSAR RTE for Automotive Software Professionals Schulung. nobleprog.de, 2020-02-09","https://www.nobleprog.de/cc/rteasp","Variant handling Measurement"
"1501","2018-05-31","internetbasiert","VW Passat Variant: Den neuen Volkswagen bewundern. Auto-Kombi, 2018-05-31","https://www.kombi.de/vw-passat-variant/","Besonders viel Mut zur Eigenständigkeit beweist der Passat Variant."
"1502","2020-09-23","internetbasiert","DER WELTKRIEG mit todbringenden manipulierten Viren geht in die zweite Phase. Conservo, 2020-09-23","https://conservo.wordpress.com/2020/09/23/der-weltkrieg-mit-todbringenden-manipulierten-viren-geht-in-die-zweite-phase/","We found that the G614 variant grows to a higher titer as pseudotyped virions."
"1503","2018-02-02","internetbasiert","MSC Technologies und H&D Wireless unterzeichnen Bevorratungs- und Abwicklungsvertrag für IoT-Konnektivitätsmodule. 0800hardware.de, 2018-02-02","http://0800hardware.de/msc-technologies-und-hd-wireless-unterzeichnen-bevorratungs-und-abwicklungsvertrag-fuer-iot-konnektivitaetsmodule/","Small (45mm x 18mm), robust and powerful board; 3.3V variant of the Nano family."
"1504","2020-02-06","internetbasiert","Turbolader für Audi Skoda Seat VW 1.6 TDI 03L253016T ». ArtmaxTurbo, 2020-02-06","https://artmaxturbo.de/audi/407-turbolader-audi-skoda-seat-vw-16-tdi-caya-cayb-cayc-775517-03l253016t-03l253016tx-03l253016tv.html","PASSAT 1.6 TDI, PASSAT Variant 1.6 TDI, TOURAN 1.6 TDI"
"1505","2019-07-22","internetbasiert","Fahrzeug Detailsuche - Finden wonach Sie suchen - Autohaus Linke. Autohaus Linke GmbH, 2019-07-22","https://auto-linke.de/fahrzeugbestand/fahrzeug-detailsuche/","[...] & Zubehör Die Volkswagen Erklärvideos Online Terminvereinbarung Volkswagen Zubehör Audi Zubehör Audi Service Werkstattservice Dienstleistungen VW Bank & Leasing Finanzdienstleistungen Kaufpreisschutz abschließen Inspektionspaket kaufen Garantieverlängerung abschließen Angebote Fahrzeug-Angebote Service-Angebote Aktionen bei Volkswagen Über uns Ansprechpartner Anfahrt und Öffnungszeiten Das Autohaus Auszeichnungen Leistungsportfolio Karriere Kundenkarte Fahrzeugbestand Fahrzeug Detailsuche Detailsuche - Fahrzeug(e) gefunden Fahrzeugtyp Bauart Cabrio/Roadster Kastenwagen Kleinwagen Kombi Limousine Sportwagen/Coupé SUV/Geländewagen/Pickup Van/Kleinbus Wohnmobil andere Fahrzeugart Gebrauchtfahrzeug Jahreswagen Neufahrzeug Tageszulassung Vorführfahrzeug Allgemeine Angaben Marke Audi Hyundai Mercedes-Benz Porsche Volkswagen Modell A6 Arteon Boxster C 43 AMG Caddy California Crafter E 220 e-tron GLA 250 Golf ID.3 ID.4 ID.Buzz ix20 Passat Variant Polo Q2 Q3 Q5 RS6 Sharan T-Cross T-Roc T6 Kombi T6 Multivan T6.1 Taigo Tiguan Tiguan Allspace Touareg Touran Transporter up! Aktionen 2,99%-Finanzierung Nutzfahrzeuge Audi Jahreswagen 1,99%-Finanzierung Standort Crailsheim Getriebe Automatik Schaltgetriebe Alle Kraftstoffe Benzin Diesel Elektro Hybrid (Benzin/Elektro) [...]"
"1506","2020-07-30","internetbasiert","Windows 10 Pro 32/64Bit. Lizenz2Go, 2020-07-30","https://lizenz2go.ch/products/windows-10-pro-32-64bit","Software Hersteller Microsoft Produktfamilie Windows Produktserie Professional Herst.-Nr. {{ variant.sku }} Systemanforderungen Festplattenspeicher bis zu 20 GB Arbeitsspeicher (RAM) 1 GB (32 Bit), 2 GB (64 Bit)"
"1507","2020-01-08","internetbasiert","SAP Transaktionen von A bis Z. FC Marketing - Kai Lück, 2020-01-08","https://www.fc-marketing.de/sap-transaktionen-von-a-bis-z/","[...] OVRC SAPMSTBM c_rv_ varianten auftr.bestand OVRD SAPMSTBM c_rv_ batchanford. auftr.bestand OVRE SAPMSTBM c_rv_ varianten top kunden/mat OVRF SAPL080K C RV Tab. VSM „Material:StatistGrup OVRG SAPMSTBM c_rv_ batchanford. top knd/mat OVR0 SAPL0V01 c_rv_tab. 171 Verkaufsbezirke OVR1 SAPL080V c_rv_tab. zone Transportzonen OVR2 SAPL080F c_rv_Tab. T016 „Branchen“ OVR3 SAPMSTBM c_rv_tab. Kundenkalender OVR4 SAPMSTBM c_rv_tab. Rechnungstermine OVSA SAPL080K C RV Tab. 130w „feldausw. werke OVSB SAPL080I C RV Tab. 176 „Bestellarten OVSC SAPL080H C RV Tab. VWA „Warenann.Zeiten OVSD SAPL080H C RV Tab. PRIO „Lieferprioritäten OVSF SAPL080V C RV Tab. VSB „Versandbed. [...]"
"1508","2019-04-08","internetbasiert","DextraData präsentiert Dex7 IoT Healthcare-Lösungen auf der DMEA 2019. 0800hardware.de, 2019-04-08","http://0800hardware.de/dextradata-praesentiert-dex7-iot-healthcare-loesungen-auf-der-dmea-2019/","The ease of use of a Nano board with the addition of secure IoT and BT connectivity Small (45mm x 18mm), robust and powerful board; 3.3V variant of the Nano family."
"1509","2020-02-27","internetbasiert","Einparkhilfe A3 » Der grosse Produktvergleich im Internet » 2023. Der grosse Produktvergleich im Internet, 2020-02-27","https://www.kominekgallery.de/einparkhilfe-a3/","[...] Passt für Audi A4 8E2, B6, A3 8P1, A3 8V1, 8VK, A3 Cabriolet 8P7, A3 Sportback 8PA; VW Beetle, EOS, Golf Plus, Golf Sportsvan, Golf VI 5K1, Golf VI Cabriolet 517, Golf VII 5G1, BQ1, BE1, BE2, Golf VII Kombi BA5, Golf VII Variant BA5, Golf VI Variant AJ5, Passat 3C2, 3G2, 362, A32, Passat Alltrack 365, Passat CC 357, Passat Variant 3C5, 3G5, 365, Phaeton 3D, Polo 6R, 6C, Scirocco 137, 138, Sharan 7N, 7N1, 7N2, Tiguan 5N, Touareg 7P5, Touran 1T1, 1T2, 1T3, 5T1. [...]"
"1510","2019-01-10","internetbasiert","Das Logo der Handball-WM 2019. Design Tagebuch, 2019-01-10","https://www.designtagebuch.de/logo-der-handball-wm-2019/","schön auch das es keine gezwungene 3d-gloss variante gibt!"
"1511","2018-12-06","internetbasiert","Die Dienstwagen der deutschen Kirchenoberhäupter im Klima-Check: Mehr Schein als Sein - Sonnenseite - Ökologische Kommunikation mit Franz Alt. Sonnenseite, 2018-12-06","https://www.sonnenseite.com/de/mobilitaet/die-dienstwagen-der-deutschen-kirchenoberhaeupter-im-klima-check-mehr-schein-als-sein/","Der VW Golf Variant mit Erdgasbetrieb von Erzbischof Stefan Heße (Erzbistum Hamburg) führt mit einem realen CO2-Ausstoß von 123 g CO2/km das Ranking an."
"1512","2020-06-06","internetbasiert","TA Technix Gewindefahrwerk ab1051kg VA Last passend für Audi A3, TT / Seat Leon III / Skoda Octavia III, Superb III / VW Arteon, Golf VII, Passat, Touran - D2 Racing Germany. D2 Racing Germany, 2020-06-06","https://www.d2racing-germany.de/produkt/ta-technix-gewindefahrwerk-ab1051kg-va-last-passend-fuer-audi-a3-tt-seat-leon-iii-skoda-octavia-iii-superb-iii-vw-arteon-golf-vii-passat-touran/","2WD+4WD, Limousine + Variant"
"1513","2018-07-23","internetbasiert","Kontaktformular. Gebrauchtwagen - Autohaus A. Gotzen GmbH & Co. KG, 2018-07-23","https://www.autohaus-gotzen.de/znpb_template_mngr/gebrauchtwagen/","Volkswagen Passat Variant Elegance 2,0TDI Navi Matrix-LED"
"1514","2020-01-01","internetbasiert","Downloads ABE. Autoteile-Rathenow Autoteile-Premnitz Ersatzteile Neuteile - Automarkt in Rathenow - Premnitz, 2020-01-01","https://www.autoteile-rathenow.de/downloads/downloads-abe/","[...] Kundengruppe: Gast Registrieren Anmelden TOP Produkte VW Caddy II Kombiinstrument 6K9919033 TOP Produkte 4 Stück original Felgen mit Reifen Smart TOP Produkte Mercedes W203 Hinten Sitz Entriegeln Hebel Leiste A2039191720 TOP Produkte VW Golf III Variant Fahrertür weiss Farbcode LB9A TOP Produkte Renault Kangoo 1998-03 Tacho Cockpit Kombiinstrument(Nr.07) 7700847782 TOP Produkte FORD Explorer 2 - Heckklappe und Scheibe schwarz TOP Produkte Wohnwagen Schutzhülle Gr.M Modell 1407403-M neu TOP Produkte METZGER SCHEIBENWISCHERARM VORNE L+R WISCHERARM VW PASSAT Variant 3C5 2190389 2190390 TOP Produkte Barkas B1000 Vergaser 2 TOP Produkte SATZ FEDERN FAHRWERKSFEDERN HINTEN MERCEDES BENZ E-KLASSE W210 TOP Produkte SCHEINWERFER GEWISS GW85103Q 250W TOP Produkte ABE für Rondell Alufelgen KBA43003 Kategorien NEUTEILE (25) GEBRAUCHTTEILE (295) DOWNLOADS (11) Downloads ABE (11) Downloads ABE Alufelgen (9) [...]"
"1515","2018-09-10","internetbasiert","Konferenz Internet of Things am 25. Oktober in München: IoT vom Sensor bis zu Cloud. Konferenz Internet of Things am 25. Oktober in München: IoT vom Sensor bis zu Cloud, 2018-09-10","http://0800hardware.de/konferenz-internet-of-things-am-25-oktober-in-muenchen-iot-vom-sensor-bis-zu-cloud/","The ease of use of a Nano board with the addition of secure IoT and BT connectivity Small (45mm x 18mm), robust and powerful board; 3.3V variant of the Nano family."
"1516","2020-07-01","internetbasiert","Klassische Häuser von unseren Hausanbietern. hausbau-portal.net 2020 - Alle Rechte reserviert!, 2020-07-01","https://www.hausbau-portal.net/nc/haeuser-musterhaeuser-hausbau/klassischehaeuser.html","Variant 25-183"
"1517","2018-12-05","internetbasiert","ADS and Delphi 10.3 Rio. Joachim Dürr softwareengineering, 2018-12-05","https://www.jd-engineering.de/ads-and-delphi-10-3-rio/","const KeyValues: Variant;"
"1518","2020-01-01","internetbasiert","12-500. isover.ch, 2020-01-01","https://www.isover.ch/de/solutions/12-500","Description Unité 1 Unité 2 Variant 1 Variant 2 Variant 3 Variant 4 Variant 5 Variant 6 PB M 030 d [mm] 80 100 120 140 160 200 PB M 030 d [mm] 80 100 120 120 160 200 Wärmeschutz im Winter und Sommer ** ** *** *** *** **** Wärmedurchgangskoeffizient:"
"1519","2018-09-01","internetbasiert","DT 240 PRO. beyerdynamic GmbH & Co. KG, 2018-09-01","https://www.beyerdynamic.de/dt-240-pro.html","Solved variant"
"1520","2020-11-27","internetbasiert","Rechnung manuell erstellen. openolitor.org, 2020-11-27","https://openolitor.org/rechnung-manuell-erstellen/","VARIANTE MAIL:"
"1521","2020-10-14","internetbasiert","Schutzmatte VOLKSWAGEN Golf VIII ab 2020. vmaxx.de, 2020-10-14","https://www.vmaxx.de/schutzmatte/vw-golf-viii","HINWEIS: Kofferraumwanne für VOLKSWAGEN Golf VIII Variant ab Bj. 2020 mir ebenem Ladeboden, Ladekante ca. 2 cm"
"1522","2018-06-10","internetbasiert","Mixed Reality – Was ist InsideOut-Tracking (Teil 2) – Blog - Hash Animation:Master, 3d-Grafik, 3d-Druck - PatchWork3d. PatchWork3d – https://www.patchwork3d.de, 2018-06-10","https://www.patchwork3d.de/blog-5-de&single_con_view=863","Mich überzeugt besonders für Privatpersonen, die nicht einen ganzen Raum nur für VR-Anwendungen in einer Lagerhalle gekauft haben, um dort diesen kontrolliert mit Sensoren bestücken zu können und den Aufbau auch dort immer an den Wänden lassen kann, Inside-Out-Tracking deutlich mehr als die durch externe Sensoren gestützte Variant."
"1523","2019-05-01","internetbasiert","restaurant fischerstube – monella typo I grafik. Monella Typo I Grafik, 2019-05-01","https://monella.ch/portfolio-item/restaurant-fischerstube/","logokreation für die verschiedenen anwendungen gibt es das logo in 3 varianten: hauptlogo (fisch mit hopfen) sowie je eine version für die getränke- und die weinkarte"
"1524","2020-12-31","internetbasiert","VW Golf EU Neuwagen | Jütten und Koolen. Jütten und Koolen, 2020-12-31","https://www.juetten-koolen.de/fahrzeuge/eu-neuwagen/VW-Golf/1","VW, Golf, Neu & Bestellfahrzeuge VW Golf EU-Neuwagen günstig kaufen VW Golf EU-Neuwagen – Größe im Sportsvan und Variant"
"1525","2018-09-07","internetbasiert","Blackjack Karten zählen Break Away Spielautomaten Times Square Casino. kielspratineurope.eu, 2018-09-07","https://kielspratineurope.eu/category-spielen/08-06-2019-6983.php","If you can allow the High Stakes variant, go designed for it, as the house edge is just 2. Wenn Sie das Kartenzählen bisher noch nicht gelernt haben, weil Sie mental eine laufende Zählung all the rage einen tatsächlichen Zählwert bei jeder Hand umwandeln müssen, habe ich gute Nachrichten für Sie."
"1526","2018-12-09","internetbasiert","Naviskauto mit Android 8 jetzt im Weihnachtsgeschäft. Android Autoradio im Test, 2018-12-09","https://www.android-autoradio-im-test.de/index.php/2018/12/09/naviskauto-mit-android-8/","Ich überlege in meinen Golf 5 Variant 2008 das Naviskauto ND0373B einzubauen."
"1527","2020-01-12","internetbasiert","Was ist mein Auto noch wert? Gebrauchtwagenpreise kostenlos ermitteln. wirkaufendeinauto.de, 2020-01-12","https://www.wirkaufendeinauto.de/auto-bewertung/was-ist-mein-auto-noch-wert/","Heute gilt der VW Passat Variant, also die Kombi-Version, zu 90 Prozent als das am meisten gekaufte Auto."
"1528","2018-07-19","internetbasiert","Balkonsanierung - Robert Kauderer GmbH. Anstrich und Sanierungstechnik Robert Kauderer GmbH, 2018-07-19","https://www.ast-kauderer.de/leistungen/balkonsanierung/","Ob die klassische Variant mit Fliesen oder die Variant mit einer Kunststoffbeschichtung je nach System und Wünschen wie z.B. neue Geländer Konstruktion aus Edelstahl sowie Verkleidung aus Glas oder Trespa mit ein Auswahl von vielen Farbtönen ist möglich."
"1529","2019-01-21","internetbasiert","LeihvertrÃ¤ge mit Jakupovic und Mensah. sturmnetz.at, 2019-01-21","https://www.sturmnetz.at/jakupovicmensah/","er ist zumindest eine günstige variante als backup"
"1530","2020-01-01","internetbasiert","Temared Baumaschinenanhänger Builder 152x300cm 2,7t|Rampe|neu. Koch Anhängerwerke, 2020-01-01","https://www.kochanhaengerwerke.de/baumaschinen/baumaschinen-anhaenger/temared-baumaschinenanhaenger-builder-152x300cm-2-7t-rampe-neu","Variant Hochlader Anhänger P3 2018 Comfort | 175x315cm 2,0t"
"1531","2020-01-01","internetbasiert","Renault Kangoo 1.2 43kW - Bremsanlage. Autoteile-Rathenow Autoteile-Premnitz Ersatzteile Neuteile - Automarkt in Rathenow - Premnitz, 2020-01-01","https://www.autoteile-rathenow.de/neuteile/renault-neuteilekatalog/renault-kangoo-neuteilekatalog/renault-kangoo-kc0-1/renault-kangoo-1-2-43kw/renault-kangoo-1-2-43kw-bremsanlage/","[...] Kundengruppe: Gast Registrieren Anmelden TOP Produkte Renault Kangoo 98-03 Hecktür rechts blau Farbcode 432 TOP Produkte Renault Kangoo 98-03 Hecktür Heckklappe weiss TOP Produkte ABE Radtyp M8017 LK 5x100 ET25 Teilegutachten 366-0962-97-MURD/N10 TOP Produkte VW Golf III Variant Tür hinten rechts weiss Farbcode LB9A TOP Produkte Dachträger Citrön Jumpy Fiat Scudo Peugeot Expert 9910113391 TOP Produkte Renault Laguna II Kombiinstrument 8200291336 TOP Produkte 4 Stück original Felgen mit Reifen Smart TOP Produkte Mercedes C-Klasse W203 Sitzverkleidung Lehnenverkleidung A2039100339 TOP Produkte Renault Megane II 1.6 16V Nockenwellenversteller 7701474362 TOP Produkte Audi A6 4B Quattro 2,5 TDI Geräuschdämpfung Unterbodenschutz 4B0863823 TOP Produkte Renault Kangoo 1998-03 Tacho Cockpit Kombiinstrument(Nr.07) 7700847782 TOP Produkte Motor Renault Kangoo 1.9D Motorcode F8Q662 F8Q630 F8Q632 Kategorien NEUTEILE (25) ALFA ROMEO - Neuteilekatalog AUDI - Neuteilekatalog (1) BMW - Neuteilekatalog (1) CHEVROLET - Neuteilekatalog CHRYSLER - Neuteilekatalog CITROËN - Neuteilekatalog (2) DACIA - Neuteilekatalog DAEWOO - Neuteilekatalog DAIHATSU - Neuteilekatalog FIAT - Neuteilekatalog FORD - Neuteilekatalog HONDA - Neuteilekatalog HYUNDAI - Neuteilekatalog ISUZU - Neuteilekatalog IVECO - Neuteilekatalog JEEP -Neuteilekatalog KIA - Neuteilekatalog LADA - Neuteilekatalog LANCIA - Neuteilekatalog LAND ROVER - Neuteilekatalog MAZDA [...]"
"1532","2019-01-01","internetbasiert","OMSI 2 Add-On Studio Polygon Lite Pack Steam Key für PC online kaufen. Gamesplanet.com, 2019-01-01","https://de.gamesplanet.com/game/omsi-2-add-on-studio-polygon-lite-pack-steam-key--2886-38","11.5m Dublinbus variant, with Engine/Gearbox Options listed above."
"1533","2018-10-01","internetbasiert","Medizin-Nobelpreis 2018 - Oncotrends. Oncotrends, 2018-10-01","https://www.oncotrends.de/medizin-nobelpreis-2018-427226/","These efforts only had modest effects, but a variant of this strategy is used today in the treatment of bladder cancer."
"1534","2018-08-15","internetbasiert","Publikationen mit nut.s. nut.s, 2018-08-15","https://www.nutritional-software.at/content/ueber-uns/referenzen/publikationen-mit-nut_s/","Increased concentrations of circulating vitamin E in carriers of the apolipoprotein A5 gene- 1131T> C variant and associations with plasma lipids and lipid peroxidation."
"1535","2019-12-09","internetbasiert","Fiat Tipo Kombi Test mit Fotos und Expertenmeinung.. carwow.de, 2019-12-09","https://www.carwow.de/fiat/tipo-kombi","Nicht im Hyundai i30 Kombi, nicht im Opel Astra Sports Tourer und nicht im weit kostspieligeren VW Golf Variant."
"1536","2020-01-01","internetbasiert","ALVEUS Glasschneidbrett für STYLUX und QUADRIX Spülen / Zubehör Schneidbrett. kitchenking.de, 2020-01-01","https://www.kitchenking.de/alveus-glasschneidbrett-fuer-stylux-und-quadrix-spuelen-zubehoer-schneidbrett.html","ALVEUS Einzelsiphon / Pop-up Siphon / Ab- und Überlaufgarnitur mit Drehexcenter und Siphon für die Spülen QUADRIX und VARIANT 34,90 €Inkl."
"1537","2020-07-26","internetbasiert","Vergleichbares Ersatzteil 6 Ampere Brückengleichrichter für High-End Endstufe Ersatzteilversand. forum.electronicwerkstatt.de, 2020-07-26","https://forum.electronicwerkstatt.de/phpBB/Ersatzteile_Reparatur_HiFi/vergleichbares_ersatzteil_6_ampere_brueckengleichrichter_fuer_high_end_endstufe-t82332f22_bs0.html","die J variante ist irgendwie zu stark oder so ?!?! *null ahnung hab"" http://www.datasheetcatalog.org/datasheets/150/29161_DS.pdf"
"1538","2018-07-24","internetbasiert","Autotrailer mieten - Trailer Point. Trailer Point GmbH, 2018-07-24","https://www.trailer-point.de/vermietung/autotrailer-mieten/","VARIANT 3021-L4 Multitransporter"
"1539","2020-01-23","internetbasiert","Hilfe bei Candida - Die ultimative Darmreinigung. Hilfe bei Candida, 2020-01-23","https://www.hilfe-bei-candida.de/ultimative-darmreinigung/","wäre eine günstige variante (lebe von hartz4) von rossmann oder so auch ne alternative? welche zusätze sollten nicht drin sein außer duftstoffe?"
"1540","2018-09-06","internetbasiert","Passat Variant | Volkswagen Modelle | Autohaus Holzberg. Autohaus Holzberg, 2018-09-06","https://www.autohaus-holzberg.de/unsere-modelle/volkswagen-passat-variant/","Die breite und kräftige Front, die kurzen Überhänge und ein langer Radstand verleihen dem Passat Variant eine sportliche und zugleich elegante Silhouette."
"1541","2020-04-05","internetbasiert","kann denksport für den hund auch falsch sein? -. denktier.at, 2020-04-05","https://www.denktier.at/kann-denksport-fuer-den-hund-auch-falsch-sein","für die einsteiger in die kopfauslastung sind daher die simplen leckerli-suchspiele meist die bessere variante. es sollte nur nicht auf ewig dabei bleiben."
"1542","2019-05-11","internetbasiert","Micellar Casein. Lee-Sport® c/o LeeGroup GmbH, 2019-05-11","https://whey-protein.ch/micellar-casein/","Kann mir bitte einer erklären was nun die unterschiede sind und welche variante sich für was eignet?"
"1543","2018-12-20","internetbasiert","VW Passat Kombi mieten bei Dr. Hartl Autoverleih. Dr. Hartl Autoverleih, 2018-12-20","https://drhartl.at/vw-passat-kombi-mieten/","Hartl Autoverleih können Sie den VW Passat Variant mieten."
"1544","2019-06-03","internetbasiert","❉ Inliner 72mm Rollen - vergleichen hilft sparen — >>Pharmawelt<< — Juli 2020 ❉. >>Pharmawelt<<, 2019-06-03","https://pharmawelt.org/inliner-72mm-rollen-vergleichen-hilft-sparen/","Inliner Rollen, für Freizeit-Skating PU 72mm/82A 4 St. + Lager ABEC7 8 St. Nils Inliner Rollen, für Freizeit-Skating PU 72mm/82A 4 St. + Lager ABEC9 8 St. Nils Revision 4er 8er Set Variant Classic White Rollen 72mm/76A Inliner Skates Hockey Allround 18-N3 (4er Set Rollen)"
"1545","2020-01-01","internetbasiert","25-310. isover.ch, 2020-01-01","https://www.isover.ch/de/solutions/25-310","[...] Description Unité 1 Unité 2 Variant 1 Variant 2 Variant 3 Variant 4 Variant 5 Variant 6 Gipsplatte GKB, Typ A d [mm] – – – 12.5 12.5 12.5 Gipsplatte GKB, Typ A d [mm] 12.5 12.5 12.5 12.5 12.5 12.5 Metallständer CW/UW 50 mm h [mm] 50 – – 50 – – Metallständer CW/UW 75 mm h [mm] – 75 – – 75 – Metallständer CW/UW 100 mm h [mm] – – 100 – – 100 ISOVOX d [mm] 45 60 80 45 60 80 Wärmeschutz im Sommer Wärmespeicherfähigkeit (mit Rsi) κi [Wh/m2 K)] 3 3 3 6 6 6 Schalldämmung Bewertetes Schalldämm-Mass Rw [dB] 42 44 47 51 54 56 Spektrum-Anpassungswerte (C;Ctr) [...]"
"1546","2020-01-01","internetbasiert","Variant Heckkipper TR 3500 XL7 170x360x110cm 3,5t. Koch Anhängerwerke, 2020-01-01","https://www.kochanhaengerwerke.de/kipper/rueckwaertskipper/variant-heckkipper-tr-3500-xl7-170x360x110cm-3-5t","Weiterführende Links zu ""Variant Heckkipper TR 3500 XL7 170x360x110cm 3,5t"""
"1547","2019-11-03","internetbasiert","Viren - IRC-Mania.de. IRC-Mania.de, 2019-11-03","https://www.irc-mania.de/viren/","Joke.Family.Variant <Quelle – Bitdefender> Scherzprogramm, das einen Virus simuliert, jedoch keine eigentliche Schadfunktion hat."
"1548","2020-01-01","internetbasiert","Welches Auto passt zu mir? Das sagt Ihr neues Auto über Ihre Persönlichkeit. allianz-autowelt.de, 2020-01-01","https://www.allianz-autowelt.de/kaufen-verkaufen/welches-auto-passt-zu-mir/","Bis 25.000 € Über 25.000 € Preis-Leistungs-Verhältnis Dacia Sandero Skoda Superb Komfort und Ausstattung Skoda Rapid Spaceback VW Passat Variant 2.0 TDI Sicherheit VW Touran Ford Galaxy Platzangebot Dacia Lodgy Seat Alhambra Antrieb und Wirtschaftlichkeit Kia cee’d 1.6 CRDi 128 Toyota Prius Design Opel Adam Citroen DS5"
"1549","2020-01-01","internetbasiert","Know-how. RMM Metallbearbeitung GmbH, 2020-01-01","https://www.rmm-metallbearbeitung.de/know-how/","[...]333333″ icon=“none“ icon_size=““ btn_icon_pos=“ubtn-sep-icon-right-rev“ btn_border_style=“solid“ btn_color_border=“#ffffff“ btn_color_border_hover=“#ffffff“ btn_border_size=“2″ btn_radius=“2″ btn_font_style=“font-weight:700;“ css_adv_btn=“.vc_custom_1572949728024{margin-top: 0px !important;margin-bottom: 0px !important;padding-top: 0px !important;padding-bottom: 0px !important;}“ btn_font_size=“desktop:18px;“ btn_line_height=“desktop:28px;“ btn_font_family=“font_family:Roboto|font_call:Roboto|variant:700″][/vc_column][/vc_row] [...]"
"1550","2020-03-31","internetbasiert","VW Firmenwagen: Lösungen für Ihren Fuhrpark. Volkswagen Österreich, 2020-03-31","https://www.volkswagen.at/angebote/vw-unternehmer","Der VW Passat Variant:"
"1551","2018-03-06","internetbasiert","CONTACTs IoT-Plattform ist „Fabriksoftware des Jahres“. 0800hardware.de, 2018-03-06","http://0800hardware.de/contacts-iot-plattform-ist-fabriksoftware-des-jahres/","Small (45mm x 18mm), robust and powerful board; 3.3V variant of the Nano family."
"1552","2018-04-17","internetbasiert","Affentheater im Glashaus der Firma Strafgericht Basel-Stadt – Wake News Radio/TV. Mywakenews's Blog, 2018-04-17","https://mywakenews.wordpress.com/2018/04/17/affentheater-im-glashaus-der-firma-strafgericht-basel-stadt-wake-news-radio-tv/","A rare spelling variant of Persson.“"
"1553","2018-07-02","internetbasiert","Digital Business Engineer Industrial IoT (m/w). 0800hardware.de, 2018-07-02","http://0800hardware.de/digital-business-engineer-industrial-iot-m-w/","Small (45mm x 18mm), robust and powerful board; 3.3V variant of the Nano family."
"1554","2020-10-12","internetbasiert","529. Vorsicht Falle: Great Barrington Declaration. Sägefisch, 2020-10-12","https://jacquesauvergne.wordpress.com/2020/10/12/529/","He has mathematically modelled the spread of diseases such as new variant Creutzfeldt–Jakob disease and AIDS."
"1555","2019-03-31","internetbasiert","Swiss v0.4 r646. WiiDatabase, 2019-03-31","https://wiidatabase.de/swiss-v0-4-r646/","* Add L/R trigger + L/R D-Pad page skipping support into the file browser * Fix unknown drive variant crash * Tidy up info pages 1 & 2 * Separate out workarounds for GCVideo."
"1556","2020-02-27","internetbasiert","- Stiefmutterblog - Das Online Magazin für Patchwork und zweite Familien. Stiefmutterblog - Das Online Magazin für Patchwork und zweite Familien, 2020-02-27","https://stiefmutterblog.com/forums/Antwort/397458/","die variante das der kv mit mir mifliegt und das bk am flughafen lässt hätte es hier nicht gegeben. das hätte mein kv nicht mitgemacht. bin ich mir ganz sicher. er kann ja leider an wenigsten dafür, strafen tut die km mit solchen aktionen (bei uns zumindest dann) alle. bk/ kv keinen urlaub und ich statt gemeinsamen urlaub nur allein."
"1557","2020-05-31","internetbasiert","Problem nordvpn Land wählen – Nordvpn | Werbecode. Bester VPN-Vergleicher, 2020-05-31","http://minecraftopia.de/problem-nordvpn-land-wahlen-nordvpn-werbecode/","Objektives kriterium, performance variante sind bereits eingerichtet."
"1558","2020-03-01","internetbasiert","Hund Platz beibringen. Hundebetten XXL Test - Top 5 Testsieger, 2020-03-01","https://hundebett-xxl-test.de/platz-beibringen-hundeerziehung/","Ich dachte mir dass es eigentlich blöd ist wenn er zuerst 5 Minuten in dieser Haltung bleibt und überlegte mir wie ich ihm die zwei verschiedenen Platz varianten beibringen konnte, bzw. das er den Unterschied kennt."
"1559","2019-11-28","internetbasiert","Volkswagen Golf Variant MFH Mehrmarken Fahrzeughandel - Neuwagenvermittlung-24. Osna-Autos, 2019-11-28","https://www.mfh-autos.de/liste-volkswagen-golf-variant-a__46671_alle.php","Volkswagen Golf Variant 8 Life 1,5 eTSI DSG 110KW 2023 ACC Winter Bestellung ab Werk"
"1560","2020-01-01","internetbasiert","25-215. isover.ch, 2020-01-01","https://www.isover.ch/de/solutions/25-215","Description Unité 1 Unité 2 Variant 1 Variant 2 Variant 3 Variant 4 Variant 5 Variant 6 Holzständer 60 x 80 mm h [mm] 80 – Holzständer 60 x 160 mm h [mm] – 160 ISOFIX 035 d [mm] 80 – ISOFIX 035 d [mm] 60 60 ISORESIST 1000 035 d [mm] – 160 Wärmeschutz im Winter und Sommer Wärmedurchgangskoeffizient:"
"1561","2019-11-10","internetbasiert","low poly vase aus beton - natur - pilzlicht.ch. pilzlicht.ch, 2019-11-10","https://pilzlicht.ch/produkt/lowpolyvase-aus-beton-natur/","in verschiedenen varianten kommt es z.b. auch als teelicht und sukulententopf in unserem sortiment vor."
"1562","2019-12-09","internetbasiert","Volkswagen Passat Variant Jahreswagen Angebote. carwow.de, 2019-12-09","https://www.carwow.de/volkswagen/passat-variant/jahreswagen","Vergleichen Sie alle Angebote für Volkswagen Passat Variant Jahreswagen in Ihrer Nähe und deutschlandweit über carwow.de und kaufen Sie Ihren sofort verfügbaren Volkswagen Passat Variant günstig bei einem unserer top bewerteten Partnerhändler."
"1563","2020-07-14","internetbasiert","LCD Sharp LC-32D44E-BK Zeigt kein Bild Seite 2 Ersatzteilversand. forum.electronicwerkstatt.de, 2020-07-14","https://forum.electronicwerkstatt.de/phpBB/Ersatzteile_Reparatur_Fernseher/lcd_sharp_lc_32d44e_bk_zeigt_kein_bild-t128430f5_bs15.html","Aber ist finde ich eine günstigere variante als die Röhren neu zu kaufen... denn LED's haben ja auch eine höhere Lebenserwartung."
"1564","2019-12-22","internetbasiert","Tipps Archive - fullAccess. Fullaccess, 2019-12-22","https://www.fullaccess.de/access/tipps","Sie müssen lediglich folgende Regeln beachten: Vermeiden Sie den Einsatz von Variablen des Typs Variant."
"1565","2019-03-01","internetbasiert","Ungewöhnliche Zeit-Werte anpassen. excel-ist-sexy.de, 2019-03-01","https://www.excel-ist-sexy.de/ungewoehnliche-zeit-werte-anpassen/","As Date Dim Erfassung As Variant Dim Stunden As Variant, Minuten As Variant 'Datentyp Variant, um Variablen einzusparen (kaum Zeitverlust) Erfassung = Format(Zelle.Value, ""0.00"")"
"1566","2020-01-01","internetbasiert","21-650. isover.ch, 2020-01-01","https://www.isover.ch/de/solutions/21-650","Description Unité 1 Unité 2 Variant 1 Variant 2 Variant 3 Variant 4 Variant 5 Variant 6 Kassettenbreite b [mm] 500 600 600 Kassettentiefe t [mm] 160 140 160 ISOLENE P 032 d [mm] 20 20 20 CLADISOL 032 d [mm] 80 60 80 CLADISOL 032 d [mm] 140 140 140 Wärmeschutz im Winter und Sommer ** ** ** Wärmedurchgangskoeffizient:"
"1567","2019-02-25","internetbasiert","Azure Kinect DK: Xbox Kinect ist jetzt ein IoT-Sensor. 0800hardware.de, 2019-02-25","http://0800hardware.de/azure-kinect-dk-xbox-kinect-ist-jetzt-ein-iot-sensor/","The ease of use of a Nano board with the addition of secure IoT and BT connectivity Small (45mm x 18mm), robust and powerful board; 3.3V variant of the Nano family."
"1568","2020-05-11","internetbasiert","NINC! Valentinstag Special // Acquaintance Cards aus dem 19. Jahrhundert. NINC! Valentinstag Special // Acquaintance Cards aus dem 19. Jahrhundert, 2020-05-11","https://ninc.at/blog/ninc-valentinstag-special-acquaintance-cards-aus-dem-19-jahrhundert-design-2/","Hier ein Zitat aus der Encyclopedia of Ephemera: “A novelty variant of the American calling card of the 1870s and 1880s, used by the less formal male in approaches to the less formal female."
"1569","2020-06-26","internetbasiert","Erst der Trabi, dann 28 Jahre lang der Golf.. Erst der Trabi, dann 28 Jahre lang der Golf., 2020-06-26","https://www.ad-hoc-news.de/wirtschaft/erst-der-trabi-dann-28-jahre-lang-der-golf/60277334","Doch auf den letzten Golf Variant, der hier am Freitag vom Band rollt, blickt der Fertigungsleiter auch mit einem weinenden Auge."
"1570","2020-09-21","internetbasiert","Jetzt bestellbar: Der neue VW Golf Variant. Autohaus Stoppanski, 2020-09-21","https://www.stoppanski.de/news/golf-variant-bestellbar/","Technisch entspricht der Golf Alltrack ansonsten dem neuen Golf Variant:"
"1571","2018-01-18","internetbasiert","Intel kämpft mit schwerer Sicherheitslücke (Update: Intel veröffentlicht Server-Benchmarks) - Hardwareluxx. Hardwareluxx Media GmbH, 2018-01-18","https://www.hardwareluxx.de/index.php/news/hardware/prozessoren/45319-intel-kaempft-mit-schwerer-sicherheitsluecke-im-prozessor-design.html","NVIDIA’s initial analysis indicates that the NVIDIA GPU Display Driver is potentially affected by this variant."
"1572","2018-08-12","internetbasiert","3D Druck - Philips SBC HP200 headphones fix. 3d-loewe.de, 2018-08-12","https://www.3d-loewe.de/p/philips-sbc-hp200-headphones-fix","Variante 1: HeadPhonesFixP1Right"
"1573","2019-01-01","internetbasiert","Original Aluminium Felge VW | Top-Preis: 1.104,90 €. Top-Preis: 1.104,90 €, 2019-01-01","https://www.basenio.de/guenstig-kaufen/original-aluminium-felge-vw-57193/_golf-7/","[...] 221 KW, 300 PS VW Golf VII Variant 2016/09-2019/12 BA5 2.0 R 360S 4motion 1984 ccm, 265 KW, 360 PS VW Golf VII Variant 2013/04-2019/12 BA5 2.0 TDI 1968 ccm, 110 KW, 150 PS VW Golf VII Variant 2013/05-2019/12 BA5 2.0 TDI 1968 ccm, 81 KW, 110 PS VW Golf VII Variant 2013/04-2019/12 BA5 2.0 TDI 4motion 1968 ccm, 110 KW, 150 PS VW Golf VII Variant 2013/05-2019/12 BA5, BV5 1.4 TSI 1395 ccm, 103 KW, 140 PS VW Golf VII Variant 2017/04-2019/12 BA5, BV5 1.5 TSI 1498 ccm, 110 KW, 150 PS VW Golf VII Variant 2017/01-2019/12 BA5, BV5 1.0 TSI 999 ccm, 63 KW, 86 PS VW Golf VII Variant 2016/11-2019/12 BA5, BV5 2.0 GTD 1968 ccm, 130 KW, 177 PS VW Golf VII Variant 2016/12-2019/12 BA5, BV5 2.0 R 4motion 1984 ccm, 213 KW, 290 PS VW Golf VII Variant 2016/12-2019/12 BA5, BV5 2.0 R 4motion 1984 ccm, 228 KW, 310 PS [...]"
"1574","2019-10-24","internetbasiert","5 Gründe für den neuen Golf. Autonotizen, 2019-10-24","https://autonotizen.de/neuigkeiten/5-gruende-neuer-vw-golf-viii","Neben dem fünftürigen Kompaktmodell steht auch ein neuer Golf Variant in den Startlöchern."
"1575","2020-02-25","internetbasiert","Dienstwagenfahrer | Autohaus Seifert GmbH. Autohaus Seifert GmbH, 2020-02-25","https://www.vw-seifert.de/grosskunden/vorteile-vorraussetzungen/dienstwagenfahrer-2/","Das Business Paket ist unter anderem auch für den Golf, Golf Plus und Golf Variant erhältlich und enthält zum Beispiel die Mulitfunktionsanzeige „Plus“ inklusive Müdigkeitserkennung."
"1576","2020-01-01","internetbasiert","Der Volkswagen Golf Variant: Der Allrounder. heisel.de, 2020-01-01","https://www.heisel.de/der-volkswagen-golf-variant-der-allrounder/","Der Golf Variant bietet Ihnen viel Raum, ein dynamisches Design, eine sportliche Motorisierung und eine Vielzahl an Fahrerassistenzsystemen."
"1577","2018-11-27","internetbasiert","Strato HiDrive: Kostenloses Angebot wird eingestellt, Kunden sollten Mail gut prüfen. Caschysblog, 2018-11-27","https://stadt-bremerhaven.de/strato-hidrive-kostenloses-angebot-wird-eingestellt-kunden-sollten-mail-gut-pruefen/","Es ist übrigens nicht nur die generell kostenlose variante betroffen, sondern auch jene, welche es vor ca. 8 Jahren dauerhaft kostenlos mit SMB, FTP,.. 20 GB für Strato-Kunden gab."
"1578","2020-01-01","internetbasiert","11-600. isover.ch, 2020-01-01","https://www.isover.ch/de/solutions/11-600","Description Unité 1 Unité 2 Variant 1 Variant 2 Variant 3 Variant 4 Variant 5 Variant 6 PB M 030 d [mm] 80 100 80 100 80 100 ISOCONFORT 032 d [mm] 120 120 140 140 160 160 Wärmeschutz im Winter und Sommer ** ** ** ** ** *** Wärmedurchgangskoeffizient:"
"1579","2020-01-01","internetbasiert","Koch-Anhänger ""Edition 35"" 125x250cm 1300kg|Typ 4.13 Hochplane 160cm Gelb. Koch Anhängerwerke, 2020-01-01","https://www.kochanhaengerwerke.de/koch-anhaenger/gebremste-anhaenger/koch-anhaenger-edition-35-125x250cm-1300kg-typ-4.13-hochplane-160cm-gelb","Variant Heckkipper Variant 168x320cm 2,7t | E-Pumpe | Rampen | Gitter | Aktion"
"1580","2020-01-01","internetbasiert","11-600. isover.ch, 2020-01-01","https://www.isover.ch/de/solutions/11-600","Description Unité 1 Unité 2 Variant 1 Variant 2 Variant 3 Variant 4 Variant 5 Variant 6 PB M 030 d [mm] 80 100 80 100 80 100 ISOCONFORT 032 d [mm] 120 120 140 140 160 160 Wärmeschutz im Winter und Sommer ** ** ** ** ** *** Wärmedurchgangskoeffizient:"
"1581","2020-10-21","internetbasiert","Grünes Feld Roulette | Freispiele und boni im online spielautomaten | SP LINK Management consulting. SP LINK Management consulting | Business Opportunity Creators, 2020-10-21","https://www.sp-link.ch/2020/10/21/gr%C3%BCnes-feld-roulette/","Thema dieses ausverkauften Seminars ist ganz spezielles Finanzwissen, poker varianten casino bonus ohne anmeldung dann findest da nicht genug."
"1582","2020-10-18","internetbasiert","Viren, Panikmache, Macht-Mißbrauch – die zweite Corona-Welle. Conservo, 2020-10-18","https://conservo.wordpress.com/2020/10/18/viren-panikmache-macht-missbrauch-die-zweite-corona-welle/","SUMMARY: „A SARS-CoV-2 variant carrying the Spike protein amino acid change D614G has become the most prevalent form in the global pandemic."
"1583","2020-07-01","internetbasiert","Velourmatten Passend Für Scania R New Generation. LKW Innenausstattung. Verkleidung und Einrichtung von LKW Kabinen, 2020-07-01","https://truck-interrior.de/produkt/velourmatten-passend-fuer-scania-r-new-generation/","Nur eine Variant mit Lasergravur möglich"
"1584","2020-07-02","internetbasiert","via ferrata Gargellner Köpfe - vt-gmbh. Vt-Gmbh, 2020-07-02","https://www.v-card.at/route/via-ferrata-gargellner-koepfe/?lang=en","difficulty level C – variant difficulty D"
"1585","2019-02-03","internetbasiert","Arduino Uno Klone aus China. Arduino Uno Klone aus China – Commander1024, 2019-02-03","https://www.commander1024.de/wordpress/2019/02/arduino-uno-klone-aus-china/","""16000000L"", mcu"": ""atmega328p"", variant"":"
"1586","2020-12-31","internetbasiert","VW Golf EU Neuwagen | Jütten und Koolen. Jütten und Koolen, 2020-12-31","https://www.juetten-koolen.de/eu-neuwagen/VW-Golf/1","Mit dem Golf Sportsvan und dem Golf Variant haben Sie unzählige Möglichkeiten Ihr Leben zu gestalten."
"1587","2020-08-01","internetbasiert","Lokalisieren Sie Ihre Software und erschließen Sie neue Märkte. sisulizer.de, 2020-08-01","https://www.sisulizer.de/online-help/SystemVariantDialog.shtml","Specifies the localized name of the variant (e.g. Engineering)."
"1588","2019-07-22","internetbasiert","Fahrzeug Detailsuche | Autohaus Wittmer GmbH. Autohaus Wittmer GmbH, 2019-07-22","https://autohaus-wittmer.de/fahrzeugbestand/fahrzeug-detailsuche/","[...] Ladeinfrastruktur und Wallboxen Fahrzeugbestand Fahrzeugbörse Das WeltAuto Inzahlungnahme und Ankauf Angebote alle Angebote Fahrzeug-Angebote Service-Angebote Service Leistungsportfolio Dienstleistungen Finanzdienstleistungen Werkstattservice Unfall Spezialist Wunschfahrzeug Fahrzeugpflege Rückrufservice Servicetermin Online buchen Gewerbekunden Mietwagen Euromobil Vermietung Unternehmen Das Autohaus Ansprechpartner Aktionen bei Wittmer Karriere Bewerbungsformular Kontakt Anfahrt & Öffnungszeiten Kontaktformular × Wir haben geöffnet Servicetermin Probefahrt Anfahrt Kontakt Karriere Fahrzeugbestand Fahrzeug Detailsuche Detailsuche - Fahrzeug(e) gefunden Fahrzeugtyp Bauart Cabrio/Roadster Kleinwagen Kombi Limousine SUV/Geländewagen/Pickup Van/Kleinbus Fahrzeugart Gebrauchtfahrzeug Neufahrzeug Tageszulassung Allgemeine Angaben Marke Audi BMW Cupra Seat Volkswagen Modell A1 A4 Allroad A5 Arona Ateca Beetle Caddy Formentor Golf Ibiza ID.3 ID.4 ID.5 Leon Passat Variant Polo Q2 Q3 Q5 Sharan T-Cross T-Roc T2 Taigo up! X2 Aktionen Standort Autohaus Wittmer GmbH Getriebe Automatik Schaltgetriebe Alle Kraftstoffe Benzin Diesel Elektro Hybrid (Benzin/Elektro) [...]"
"1589","2020-12-03","internetbasiert","Skoda Octavia RS iV Plugin-Hybrid Fahrbericht 2021 - Autogefühl. Autogefühl, 2020-12-03","https://www.autogefuehl.de/2020/12/03/skoda-octavia-rs-iv-plugin-hybrid-fahrbericht-2021/","Damit ist der Skoda Octavia 41 cm länger als der plattform-gleiche VW Golf hatch, 13 cm länger als ein Golf Variant und 8 cm kürzer als ein VW Passat."
"1590","2018-10-26","internetbasiert","Suche. tksoft-online.de, 2018-10-26","http://www.tksoft-online.de/index.php/ms-access/bsp-db-s/bsp-downloads-sonstiges/59-errechnen-einer-iban-mit-access","[...] Private Sub cmd_IBAN_Click() Dim vLetter1 As Variant, vLetter2 As Variant Dim vEmptyPP As Variant, vTempKtoNr As Variant, iKtoLength As Integer, iIBANLength As Integer Dim vTempIBAN As Variant, k As Integer, i As Integer, iRest As Integer Dim iRestLength As Integer, iAllLength As Integer, vResult As Variant '****************************************************************************** 'Prüfen ob Felder BLZ und KtoNr gefüllt sind If Me.txt_BLZ = """" Or IsNull(Me.txt_BLZ) Then MsgBox ""Keine BLZ eingegeben!"", vbCritical + vbOKOnly, ""Fehler"" Me.txt_BLZ.SetFocus Exit Sub Else If Len(Me.txt_BLZ) <> CInt(Me.cbo_Land.Column(3)) [...]"
"1591","2020-01-01","internetbasiert","World of Blond. world-of-blond.de, 2020-01-01","https://www.world-of-blond.de","[...] Nach Relevanz Nach Preis (aufsteigend) Nach Preis (absteigend) Haarfarbe Blondme White Blending €19,50 / 60ml € 325,00 / 1l MERKEN VARIANTE Haarfarbe BlondMe Hi-Lighting €19,50 / 60ml € 325,00 / 1l MERKEN VARIANTE Haarfarbe Blondme Blonde Lifting €19,50 / 60ml € 325,00 / 1l MERKEN VARIANTE -12% Haarfarbe Raliss Hair Color 3,95€ €3,49 / 60ml € 58,17 / 1l MERKEN VARIANTE Haarfarbe Raliss Hair Color 9.0 Lichtblond €2,99 / 60ml € 49,83 / 1l MERKEN WARENKORB Haarfarbe Raliss Hair Color 3.0 Dunkelbraun €2,99 / 60ml € 49,83 / 1l MERKEN WARENKORB Haarfarbe Raliss Hair Color 6.34 Dunkelblond Golden-Kupfer €2,99 / 60ml € 49,83 / 1l MERKEN WARENKORB Haarfarbe Raliss Hair Color 10.0 Extra Lichtblond €2,99 / 60ml € 49,83 / 1l MERKEN WARENKORB Haarfarbe Raliss Hair Color 8.01 Hellblond Natur Asch €2,99 / 60ml € 49,83 / 1l MERKEN WARENKORB Raliss Hair Color 10.31 Extralichtblond Beige €2,99 / 60ml € 49,83 / 1l MERKEN WARENKORB Haarfarbe Raliss Hair Color 5.8 Hellbraun Toffee €2,99 / 60ml € 49,83 / 1l MERKEN WARENKORB Haarfarbe Raliss [...]"
"1592","2020-11-09","internetbasiert","Porsche-Absatz in Norwegen wächst dank Elektroauto Taycan deutlich. ecomento.de, 2020-11-09","https://ecomento.de/2020/11/09/porsche-absatz-in-norwegen-dank-elektroauto-taycan-verdoppelt/","Allerdings dann auch el born sowie jeweils 2 varianten des ID.4 und und Q4."
"1593","2020-11-05","internetbasiert","Xavi Wandschrank Typ-xx. Kötter Living, 2020-11-05","https://www.koetterliving.de/produkt/xavi-wandschrank-typ-xx/","Variant"
"1594","2018-10-26","internetbasiert","Suche. tksoft-online.de, 2018-10-26","http://www.tksoft-online.de/index.php/ms-access/bsp-db-s/bsp-downloads-datum-und-zeit/22-umrechnung-von-unix-timestamp-nach-datum-und-zeit-und-umgekehrt","Public Function GetDateTime_UNIX(ByVal dblSec As Double) As Variant Dim vResult As Variant Dim vStart As Variant On Error Resume Next vStart = DateSerial(1970, 1, 1) vResult = DateAdd(""s"", dblSec, vStart) GetDateTime_UNIX = vResult On Error GoTo 0 End Function"
"1595","2018-07-31","internetbasiert","Windows Server 2019 17723 IoT sowie SDK, ADK, WinPE, WDK, HLK stehen bereit. 0800hardware.de, 2018-07-31","http://0800hardware.de/windows-server-2019-17723-iot-sowie-sdk-adk-winpe-wdk-hlk-stehen-bereit/","The ease of use of a Nano board with the addition of secure IoT and BT connectivity Small (45mm x 18mm), robust and powerful board; 3.3V variant of the Nano family."
"1596","2020-05-20","internetbasiert","Abgesagt infolge Corona-Situation! Leichte Wanderung Obersee - Uferweg. 60Aktiv, 2020-05-20","https://60aktiv.ch/events/leichte-wanderung-rapperswil/","Variante a) Bollingen – Rapperswil – Hurden – Pfäffikon"
"1597","2018-05-31","internetbasiert","VW Passat Variant: Den neuen Volkswagen bewundern. Auto-Kombi, 2018-05-31","https://www.kombi.de/vw-passat-variant/","Außen punktet der VW Passat Variant serienmäßig unter anderem mit Stahlrädern, LED Technik Rückleuchten, Dachreling, Zierleisten, verzinkter Karosserie, Halogenhauptscheinwerfern, Radvollblenden, einem Stoßfänger in Wagenfarbe und verschiedenen weiteren Merkmalen."
"1598","2018-12-25","internetbasiert","SIEB & MEYER Presseservice - Köhler + Partner. Köhler + Partner, 2018-12-25","https://www.koehler-partner.de/project/sieb-meyer-presseservice/","In the 1st quarter of 2020, SIEB & MEYER will launch a liquid-cooled variant with 450 kVA@480 VAC power and 630 Arms rated current..."
"1599","2019-02-20","internetbasiert","22-Jähriger wird in Karlsruhe rund 20 Mal geblitzt. Badische Neueste Nachrichten, 2019-02-20","https://bnn.de/lokales/karlsruhe/22-jaehriger-wird-in-karlsruhe-rund-20-mal-geblitzt","Mit seinem VW Golf Variant mit Braunschweiger Kennzeichen überschritt der 22-Jährige auf verschiedenen Strecken die erlaubte Geschwindigkeit um das Zwei- bis Dreifache."
"1600","2019-02-06","internetbasiert","Youtuber voiceovercars.com: 2019 VW Passat Variant R-Line Alltrack GTE Premiere Vorstellung Sitzprobe erste Infos Meinung Kritik. Youtuber voiceovercars.com: 2019 VW Passat Variant R-Line Alltrack GTE Premiere Vorstellung Sitzprobe erste Infos Meinung K...","https://ausfahrt.tv/youtuber-voiceovercars-com-2019-vw-passat-variant-r-line-alltrack-gte-premiere-vorstellung-sitzprobe-erste-infos-meinung-kritik/","Nachstehend findest Du den Videobeschreibungstext des Videos „2019 VW Passat Variant R-Line Alltrack GTE Premiere Vorstellung Sitzprobe erste Infos Meinung Kritik“ von „voiceovercars.com“:"
"1601","2019-07-22","internetbasiert","VW ID.3: Erste von zwei Montagelinien ab August startklar. ecomento.de, 2019-07-22","https://ecomento.de/2019/07/22/vw-id-3-erste-montagelinie-ab-august-startklar/","Bis Mitte 2018 lief in Zwickau der Passat vom Band, aktuell sind es noch Golf und Golf Variant."
"1602","2018-06-01","internetbasiert","Haben Sie Fragen?. Hanse Haus, 2018-06-01","https://www.hanse-haus.ch/de/fuer-sie/mediathek/360-grad-touren/","360°-Rundgang: Variant"
"1603","2020-01-01","internetbasiert","21-650. isover.ch, 2020-01-01","https://www.isover.ch/de/solutions/21-650","Description Unité 1 Unité 2 Variant 1 Variant 2 Variant 3 Variant 4 Variant 5 Variant 6 Kassettenbreite b [mm] 500 600 600 Kassettentiefe t [mm] 160 140 160 ISOLENE P 032 d [mm] 20 20 20 CLADISOL 032 d [mm] 80 60 80 CLADISOL 032 d [mm] 140 140 140 Wärmeschutz im Winter und Sommer ** ** ** Wärmedurchgangskoeffizient:"
"1604","2020-02-29","internetbasiert","klau|s|ens möchte auch mal ein VIRUS-symbolbild posten – www.klausens.com. Klausens (ZUSÄTZLICHES DASEINS-WEBLOG), 2020-02-29","https://klausens.wordpress.com/2020/02/29/klausens-moechte-auch-mal-ein-virus-symbolbild-posten-www-klausens-com/","ja, unser appell: noch mehr schöne viren in allen künstlerischen varianten!"
"1605","2019-10-21","internetbasiert","VW Golf Variant 1.6 Comfortline (Kombi). Web-Set Interactive Gmbh, 2019-10-21","https://www.car7.ch/auto/VW-Golf-Variant-1-6-Comfortline-Kombi--_0_32057.html","Kontakt: VW Golf Variant 1.6 Comfortline (Kombi) Fotos von VW Golf Variant 1.6 Comfortline (Kombi)"
"1606","2018-02-02","internetbasiert","Panel für neurodegenerative Erkrankungen - CeGaT GmbH. CeGaT GmbH, 2018-02-02","https://www.cegat.de/diagnostik/panel-diagnostik/neurodegenerative-erkrankungen/","Umfangreiche Befundung: Die Interpretation umfasst einzelne Nukleotidvarianten (single-nucleotide variant, SNVs), kleine Insertionen und Deletionen (INDELs) und Kopienzahlvarianten (copy number variants, CNVs) von einzelnen und / oder mehreren Exons."
"1607","2020-01-01","internetbasiert","VW Passat B6 (Typ 3C) - alles neu, aber nicht ohne Fehler. BlogAuto.de, 2020-01-01","http://www.blogauto.de/vw-passat-b6-typ-3c-alles-neu-aber-nicht-ohne-fehler/","Der quer eingebaute Motor sorgt für mehr Platz im Innenraum, der natürlich beim allseits beliebten Kombi namens Variant immer noch entsprechend größer ist, als bei der klassischen Limousine mit vier Türen."
"1608","2020-01-01","internetbasiert","Entdecken Sie den VW Passat Variant im Volkswagen Zentrum Pillenstein an der Stadtgrenze Nürnberg/Fürth. ✅Neu- und ✅Gebrauchtwagen ✅kaufen / ✅leasen. Jetzt Probefahrt vereinbaren!. https://www.pillenstein.de/, 2020-01-01","https://www.pillenstein.de/autos/vw-pkw/neuwagen/passat-variant/","Dynamik und Eleganz für Ihren Passat Variant"
"1609","2020-12-10","internetbasiert","Der Sicherheitsgurt - wer hat ihn erfunden? - saabblog. SaabBlog, 2020-12-10","https://saabblog.net/2020/12/10/der-sicherheitsgurt-wer-hat-ihn-erfunden/","Mein Vater war immer sehr sicherheitsbewusst und ließ schon in unseren damaligen VW 1600 Variant (tolles Familienauto zu der Zeit) Gurte auf allen vier Sitzplätzen nachrüsten."
"1610","2020-06-27","internetbasiert","Sommerparty für Kinder. Blogger, 2020-06-27","https://marias-notizen.blogspot.com/2015/07/sommerparty-fur-kinder.html","Eine weiter variante wäre mit einer Ausstechfom verschiedenen Formen ausstechen und dann den Holzstiel hineinstecken."
"1611","2019-04-25","internetbasiert","Holmer: Terra Variant 585 mit Bredal K165. Profi Online, 2019-04-25","https://www.profi.de/aktuell/neuheiten/holmer-terra-variant-585-mit-bredal-k165-11741950.html","Ausgestattet ist der Terra Variant mit einem Reichhardt-Lenksystem und einem Müller 1200er Touch-Terminal, mit dem sowohl das Lenksystem als auch die Steuerung des Aufbaus bedient wird."
"1612","2018-11-17","internetbasiert","Microsoft plant angeblich eine Xbox ohne Disc für 2019. Mein-MMO.de, 2018-11-17","https://mein-mmo.de/microsoft-xbox-ohne-disc/","3 varianten. eine die komplett ohne Laufwerk auskommt, eine die ne kleinere hardware hat und eine mit dickerer hardware."
"1613","2020-08-02","internetbasiert","Geschirrspüler Bosch SGS. forum.electronicwerkstatt.de, 2020-08-02","https://forum.electronicwerkstatt.de/phpBB/Ersatzteile_Reparatur_Haushalt/geschirrspueler_bosch_sgs-t17930f40_bs0.html","[...] du hast nur eine chance - besorg dir verkaufskataloge in denen die Maschinen deines baujahres abgebilbet sind. beachte die varianten zwischen biosch/siemens/Neff/construkta/gaggenau wenn du dann eine maschine mit einer besseren ausstattung gefunden hast führt der weg zur siemens/bosch nierderlassung. wenn die dich dann nach der e-nummer fragen sthet die maschine halt in usbekistan oder shangahi oder der typenaufkleber ist weg - denn die finden die teile nur über die typenbezeichnung -- sagen die. wenn sich einer halbwegs auskent filtern die dir die passende maschine raus. schreib dir gleich die e-nummer und fd-nummer auf. dann organisierst du dir eine bedinungsanleitung für diese maschine und probierts die funktionen durch. wenns die richtige ist kannst du dir die blende oder den blendenkasten dazu passend kaufen. un' nu viel spaß _________________ WaliS, der Schrauber und Fummler [...]"
"1614","2018-06-19","internetbasiert","09 Evolution: vom egoistischen Gen zum kooperativen Individuum. Funkkolleg 2017/2018, 2018-06-19","https://funkkolleg-biologie.de/themen/09-evolution-vom-egoistischen-gen-zum-kooperativen-individuum/","The derived FOXP2 variant of modern humans was shared with Neandertals."
"1615","2020-08-03","internetbasiert","Variant 3321 TB | 414x210cm - 3,5t | Tridem Dreiseitenkipper Anhänger - Blattfederung. PKW-Anhänger kaufen bei P+P Anhängercenter | Wohnmobil Vermietung & Anhängervermietung, 2020-08-03","http://www.ppanhaengercenter.com/store/p748/variant-3321TB-414x210cm-3.5t-dreiseitenkipper-anhaenger-blattfederung.html","Variant"
"1616","2019-12-09","internetbasiert","Ford Focus ST Turnier Test mit Fotos und Expertenmeinung.. carwow.de, 2019-12-09","https://www.carwow.de/ford/focus-st-turnier","Mit 4,67 Meter tut sich die Neuauflage zwar mit kompakten Parklücken schwerer, aber sie schließt durch das Wachstum zu Konkurrenten wie dem Skoda Octavia Combi, Opel Astra Sports Tourer und VW Golf Variant auf."
"1617","2019-03-03","internetbasiert","Siemens Schweiz: Neue IoT-Datenplattform vereinfacht Einstieg in cloudbasiertes Energiemanagement. 0800hardware.de, 2019-03-03","http://0800hardware.de/siemens-schweiz-neue-iot-datenplattform-vereinfacht-einstieg-in-cloudbasiertes-energiemanagement/","Small (45mm x 18mm), robust and powerful board; 3.3V variant of the Nano family."
"1618","2020-03-30","internetbasiert","Konfigurieren des Clients nordvpn vpnfreebox revolution – Nordvpn | Vorher- und Nachher-Bilder. Bester VPN-Vergleicher, 2020-03-30","http://minecraftopia.de/konfigurieren-des-clients-nordvpn-vpnfreebox-revolution-nordvpn-vorher-und-nachher-bilder/","Erfolgt die populärsten varianten angeboten, verschleierte server, wirst du openvpn unterstützt wird."
"1619","2020-06-15","internetbasiert","Droht Nestor El Maestro erneute Sperre?. sturmnetz.at, 2020-06-15","https://www.sturmnetz.at/droht-nestor-el-maestro-erneute-sperre/","nem: apfel ist mir zu viel säure, da nehm ich lieber die sichere variante mit kirsche…."
"1620","2020-11-15","internetbasiert","sherry & port bei eat & meet 2020. und dann kam corona - die weinfreundin. Die Weinfreundin, 2020-11-15","https://www.weinfreundin.blog/sherry-port-bei-eat-meet-2020-und-dann-kam-corona/","[...] die behälter sind oben offen, hier entsteht eine schicht aus hefen, der sogenannte „flor“. er macht sherry geschmacklich aus und darf nicht mehr als 15,5 vol.% alkohol entwickeln – sonst stirbt der hefe-flor ab. nach der solera kommt alkohol in die weine bis zum gewünschten alkoholgehalt. es geht weiter mit der aufwändigen reifung, oft in 600 l – „butts“ – eichenfässern – abhängig von restsüßegrad, reife und herkunft gibt es viele varianten für feinen sherry. wir hatten amontillado und manzanilla . letzterer kommt aus sanlucar de barrameda – eine lagen-unterkategorie. [...]"
"1621","2019-04-29","internetbasiert","IoT Inspector: Mac-App überwacht Smart-Home-Geräte im Heimnetz. 0800hardware.de, 2019-04-29","http://0800hardware.de/iot-inspector-mac-app-ueberwacht-smart-home-geraete-im-heimnetz/","Small (45mm x 18mm), robust and powerful board; 3.3V variant of the Nano family."
"1622","2020-07-10","internetbasiert","Volkswagen Archive | Buzziol Mobile. Buzziol Mobile, 2020-07-10","https://www.buzziol-mobile.de/marke/volkswagen/","[...] Marken Werkstattangebote Fahrzeugpflege UVV für Gewerbe Räder & Reifen Fahrschule Unternehmen Bonuskarte Jobs 10. Juli 2020 Volkswagen Touran 1.4 TSI DSG Highline Van/Kleinbus 6. Juli 2020 Volkswagen Golf 1.4 TSI ACT BlueMotion Technology DSG Comfo Limousine 6. Juli 2020 Volkswagen Touran 1.4 TSI Comfortline Van/Kleinbus 4. Juli 2020 Volkswagen Tiguan 1.4 TSI 4Motion Trend & Fun Xenon SHZ SUV/Geländewagen/Pickup 3. Juli 2020 Volkswagen Tiguan 2.0 TSI 4Motion Track & Field SUV/Geländewagen/Pickup 19. Juni 2020 Volkswagen Golf Sportsvan 1.2 TSI Comfortline Van/Kleinbus 19. Juni 2020 Volkswagen Touran 1.4 TSI DSG Highline Van/Kleinbus 11. Juni 2020 Volkswagen Golf Variant 1.0 TSI Join Kombi 9. Juni 2020 Volkswagen Touran 1.2 TSI (BlueMotion Technology) Trendline Van/Kleinbus [...]"
"1623","2019-04-09","internetbasiert","The Division 2 gesteht: Die Gegner verhalten sich grad nicht so, wie sie sollen. Mein-MMO.de, 2019-04-09","https://mein-mmo.de/division-2-rusher-bug/","(und selbst bei den 4 skills nicht alle varianten)"
"1624","2020-02-28","internetbasiert","meine-wiking-welt - 4 PKW Nr. Bereich 9012. 4 PKW Nr. Bereich 9012, 2020-02-28","https://www.meine-wiking-welt.eu/n-modelle/4-pkw/4-pkw-nr-bereich-9012/","4 PKW 9012 1982-1984 Citroen Pallas gelborange, Bodenprägung “CITROEN“ + “PALLAS“ + “GERMANY“ + “WM“ // NSU Ro 80 resedagrün, Bodenprägung “NSU“ + “RO“ + “80“ + “GERMANY“ + “WM“ // MB 280 anthrazitgrau, Bodenprägung “MERCEDES“ + “280“ + “GERMANY“ + “WM“ // VW Variant signalrot, Bodenprägung “VW“ + “VARIANT“ + “GERMANY“ + “WM“."
"1625","2020-08-06","internetbasiert","HORI Parkett 300 Buche Variant Schiffsboden versiegelt. Holz-Richter GmbH, 2020-08-06","https://www.casando.de/hori-parkett-300-buche-variant-schiffsboden-versiegelt-34194534-produkt/","HORI Parkett 300 Buche Variant Schiffsboden versiegelt 2400 x 200 x 13 mm, NS 2,5 mm 2400 x 200 x 13 mm, NS 2,5 mm"
"1626","2020-08-03","internetbasiert","Variant 2715 M2 | 260x150cm - 2,7t | Baumaschinenanhänger mit Blattfederung. PKW-Anhänger kaufen bei P+P Anhängercenter | Wohnmobil Vermietung & Anhängervermietung, 2020-08-03","http://www.ppanhaengercenter.com/store/p697/Variant-2715M2-Baumaschinen-Anhaenger-Blattfederung.html","Variant 2715 M2 | 260x150cm - 2,7t | Baumaschinenanhänger - Blattfederung"
"1627","2018-01-28","internetbasiert","teamwork mit dem hund: zwischen wunsch und wirklichkeit -. denktier.at, 2018-01-28","https://www.denktier.at/teamwork-mit-dem-hund","[...] vorbeikommen. wenn der einjährige jungspund aus dem tierschutz einzieht, dann wird es wohl eine weile dauern, bis er ein so angenehmer hausgenosse ist, wie der über jahre hinweg erzogene hundesenior es war. und mit höchster wahrscheinlichkeit wird er nie so werden wie der, sondern ganz anders! weil er ein ganz anderer hund ist. wenn ich mir von jedem hund innige kuschelstunden erwarte und dann zieht einer ein, der genau das nicht abhaben kann, dann können erwartungen nur enttäuscht werden. oder entsorgt, das wär die für alle beteiligten bessere variante. [...]"
"1628","2019-11-28","internetbasiert","Volkswagen Golf Variant MFH Mehrmarken Fahrzeughandel - Neuwagenvermittlung-24. Osna-Autos, 2019-11-28","https://www.mfh-autos.de/liste-volkswagen-golf-variant-a__46671_alle.php","Volkswagen Golf Variant 8 Life 1,5 TSI 96KW ACC Winter 2023 Bestellung ab Werk"
"1629","2020-02-28","internetbasiert","meine-wiking-welt - Golf III Variant. meine-wiking-welt.eu, 2020-02-28","https://www.meine-wiking-welt.eu/pkw/volkswagen/golf-iii-variant/","VW Golf Variant 05402 1996-1999 schwarz, IE mit separiertem Lenkrad eisengrau, Innenspiegel Teil der Verglasung, plastische Scheibenwischer + Heckwischer, 2 Außenspiegel in Wagenfarbe, Frontscheinwerfer klartransparent + Rückleuchten rottransparent eingesetzt, Grill schwarz mit VW-Emblem silbern, Räder zweiteilig VW Alufelgen durchbrochen mit aufgezogenen Reifen, Bodenplatte schwarz, Bodenprägung modernes Wiking-Logo + ""Germany""."
"1630","2019-09-09","internetbasiert","Leichte Daunenjacken im Test. Siebensonnen-Fashion by settebello_hh, 2019-09-09","https://siebensonnen.de/leichte-daunenjacken-im-test/","[...] Da führt kein weg daran vorbei sie zu testen. leider ist hier manchmal der preis entscheidend für die qualität. ich habe mich in diesem fall für colmar und die günstige variante für 49 euro entschieden. beide jacken haben ihre daseinsberechtigung, wobei die preislich höhere colmar jacke qualitativ auch die bessere ist. die andere ist jedoch auch perfekt für den urlaub, um sich abends etwas überzuwerfen. am ende muss man einfach schauen, welchen zweck die jacke erfüllen soll. wenngleich ich eigentlich kein fan vom onlineshopping bin, so hat man hier am ende doch die möglichkeit, gleich mehrere jacken parallel anzuprobieren und zu vergleichen. [...]"
"1631","2018-09-01","internetbasiert","MMX 300. beyerdynamic GmbH & Co. KG, 2018-09-01","https://www.beyerdynamic.ch/mmx-300.html","sa2 Solved Variant"
"1632","2020-07-26","internetbasiert","Dateigröße des Forums? Ersatzteilversand. forum.electronicwerkstatt.de, 2020-07-26","https://forum.electronicwerkstatt.de/phpBB/Verbesserungen/dateigroesse_des_forums-t63502f20_bs0.html","[...] darf man mal spassenshalber fragen was das fuer kisten sind die als server laufen? also hardwaretechnisch ?O_o Ohne dass ich jemandem zunahe treten will *g möchte nur mal wissen ob fuer sowas nen alter P3 500 reicht, oder die variante 2x P3 1ghz oder die große variante mit 3 ghz etc .. hab da auch keinen blassen dunst *g grüße aussa hauptstadt - marc un gutn rutsch an alle;p datt eure erwartungen und wuensche sich erfuellen;p edit wegen dem senf hier : Bei nem freund von mir sehe ich dass der zB nen cluster von 4 HP vectra systemen hat mit der config: P2 333mhz slot 2mb matrox graka jeweils in den dingern nen sata controler mit ner 250gb hdd und mehreren baugleichen 3com netzwerkkarten Oo wieviele nun genau, keine ahnung waren aber mehr als eine *g achso, und ram war 256Mb ram ^^ [ Diese Nachricht wurde geändert von: ALF2000 am 31 Dez 2006 1:51] [...]"
"1633","2019-01-01","internetbasiert","Original Aluminium Felge VW | Top-Preis: 1.104,90 €. Top-Preis: 1.104,90 €, 2019-01-01","https://www.basenio.de/guenstig-kaufen/original-aluminium-felge-vw-57193/_golf-7/","[...] BE2 2.0 R 4motion 1984 ccm, 213 KW, 290 PS VW Golf VII 2016/12-2019/12 5G1, BQ1, BE1, BE2 2.0 R 4motion 1984 ccm, 228 KW, 310 PS VW Golf VII 2012/11-2019/12 5G1, BQ1, BE1, BE2 2.0 TDI 1968 ccm, 110 KW, 150 PS VW Golf VII 2016/12-2019/12 5G1, BQ1, BE1, BE2 e-Golf 100 KW, 136 PS VW Golf VII Variant 2013/05-2019/12 BA5 1.2 TSI 1197 ccm, 77 KW, 105 PS VW Golf VII Variant 2013/05-2019/12 BA5 1.2 TSI 1197 ccm, 63 KW, 86 PS VW Golf VII Variant 2014/04-2019/12 BA5 1.2 TSI 1197 ccm, 81 KW, 110 PS VW Golf VII Variant 2013/09-2019/12 BA5 1.4 TGI CNG 1395 ccm, 81 KW, 110 PS VW Golf VII Variant 2014/05-2019/12 BA5 1.4 TSI 1395 ccm, 92 KW, 125 PS VW Golf VII Variant 2014/05-2019/12 BA5 1.4 TSI 1395 ccm, 110 KW, 150 PS VW Golf VII Variant 2013/05-2019/12 BA5 1.4 TSI 1395 ccm, 90 KW, 122 PS VW [...]"
"1634","2019-12-07","internetbasiert","VW Golf 8 1.5 TSI: Leasing, Preis Neuer Golf 8 schon als Leasing-Angebot - Alfs Homepage. Alfs Homepage, 2019-12-07","https://www.alfshomepage.de/vw-golf-8-1-5-tsi-leasing-preis-neuer-golf-8-schon-als-leasing-angebot/","VW Golf Variant 1.5 TSI Highline: Leasing, Preis VW Golf Variant ab 99 Euro leasen"
"1635","2018-11-10","internetbasiert","Alternative Obstarten. Baum u. Rebschule Schreiber KG, 2018-11-10","https://www.schreiber-baum.at/sortenbeschreibung/alternative-obstarten","PVNA-Sorten (Pollination Variant Non Adstringent): Ohne Fremdbestäubung sind die parthenokarp gebildeten Früchte bei der Ernte weich und adstringierend."
"1636","2020-10-06","internetbasiert","2.1.4. |OTM| Kalkulator - automate workflows. Digital.Solutions.Communication, 2020-10-06","https://www.disocom.net/otmrechner/","Minuten / Termin * VARIANTE A: Zeitbedarf für Terminvereinbarungen nur Telefonat inkl. Terminerinnerungen."
"1637","2020-06-20","internetbasiert","Klebebuchstaben / Klebeschrift ""Wunschtext"" Variabel. Bickal.at, 2020-06-20","https://www.bickal.at/produkt/klebebuchstaben-klebeschrift-variabel/","Mit Klebebuchstaben hat man unendlich viele varianten und Anwendungsmöglichkeiten."
"1638","2020-04-07","internetbasiert","unterhaltskosten VW Golf Variant 1.5 TSI ACT BlueMotion. FINESTAUTOMOTIVE.com, 2020-04-07","https://www.finestautomotive.com/autos/vw-golf-variant-1-5-tsi-act-bluemotion/","Im Oktober 2018 war der Modellstart des VW Golf Variant 1.5 TSI OPF ACT BlueMotion Comfortline."
"1639","2018-05-31","internetbasiert","VW Passat Variant: Den neuen Volkswagen bewundern. Auto-Kombi, 2018-05-31","https://www.kombi.de/vw-passat-variant/","Der erste Passat Variant war bei einer Länge von 4,20 Metern noch eher kompakt, auch nach damaligen Maßstäben."
"1640","2020-01-24","internetbasiert","VW Passat Variant Facelift - Der Kronprinz - NewCarz.de. NewCarz.de, 2020-01-24","https://www.newcarz.de/2020/01/24/vw-passat-variant-facelift-der-kronprinz/","Insgesamt wirkt der Passat als Variant mit dem R-Line Paket tief geduckt auf der Straße in einer stetig lauernden Hab-acht-Stellung."
"1641","2020-07-26","internetbasiert","Dateigröße des Forums? Ersatzteilversand. forum.electronicwerkstatt.de, 2020-07-26","https://forum.electronicwerkstatt.de/phpBB/Verbesserungen/dateigroesse_des_forums-t63502f20_bs0.html","[...] darf man mal spassenshalber fragen was das fuer kisten sind die als server laufen? also hardwaretechnisch ?O_o Ohne dass ich jemandem zunahe treten will *g möchte nur mal wissen ob fuer sowas nen alter P3 500 reicht, oder die variante 2x P3 1ghz oder die große variante mit 3 ghz etc .. hab da auch keinen blassen dunst *g grüße aussa hauptstadt - marc un gutn rutsch an alle;p datt eure erwartungen und wuensche sich erfuellen;p edit wegen dem senf hier : Bei nem freund von mir sehe ich dass der zB nen cluster von 4 HP vectra systemen hat mit der config: P2 333mhz slot 2mb matrox graka jeweils in den dingern nen sata controler mit ner 250gb hdd und mehreren baugleichen 3com netzwerkkarten Oo wieviele nun genau, keine ahnung waren aber mehr als eine *g achso, und ram war 256Mb ram ^^ [ Diese Nachricht wurde geändert von: ALF2000 am 31 Dez 2006 1:51] [...]"
"1642","2018-05-18","internetbasiert","Coming Soon Navigation. teamprotexx.de, 2018-05-18","https://teamprotexx.de/coming-soon-navigation","[...]radius=“100″ title_font_size=“desktop:16px;“ title_line_ht=“desktop:26px;“ btn1_heading_style=“font-weight:700;“ btn2_heading_style=“font-weight:700;“ css_dualbtn_design=“.vc_custom_1520957277368{margin-top: 0px !important;margin-right: 0px !important;margin-bottom: 0px !important;margin-left: 0px !important;padding-top: 0px !important;padding-right: 0px !important;padding-bottom: 0px !important;padding-left: 0px !important;}“ btn1_font_family=“font_family:Roboto|font_call:Roboto|variant:700″ btn2_font_family=“font_family:Roboto|font_call:Roboto|variant:700″][/vc_column][/vc_row][vc_row full_width=“stretch_row“ full_height=“yes“ bg_type=“image“ parallax_style=“vcpb-default“ bg_image_repeat=“no-repeat“ bg_img_attach=“fixed“ bg_override=“ex-full“ enable_overlay=“enable_overlay_value“ overlay_color=“rgba(0,0,0,0.45)“ type=“vc_default“ css=“.vc_custom_1520959141848{background-color: [...]"
"1643","2020-09-10","internetbasiert","Batman Black and White kehrt zurück. Das Batman-Projekt, 2020-09-10","https://batmanprojekt.com/2020/09/10/batman-black-and-white-kehrt-zurueck/","Das Cover zu Ausgabe 1 soll von Greg Capullo stammen, die Variant Cover werden von Peach Momoko und J.H. Williams gezeichnet."
"1644","2019-04-02","internetbasiert","Vegane Käsespätzle mit Röstzwiebeln Rezept - Das jüngste Gericht. Das jüngste Gericht, 2019-04-02","https://www.das-juengste-gericht.de/vegane-kaesespaetzle/","Sowohl Geruch, als auch Geschmack sind deutlich intensiver als bei anderen veganen Käsevarianten und für mich löst diese Variant ein ähnliches Gefühl aus wie früher der echte Käse."
"1645","2019-04-11","internetbasiert","Evelyn Phantomhive. foras.forumieren.net, 2019-04-11","https://foras.forumieren.net/t198-evelyn-phantomhive","Doch auch die mürrische Art ihres Vaters hatte seine guten Seiten, Sorte er auf interessante varianten von essen, das sie schnell lernte zu irgendwas nützlichem zuzubereiten."
"1646","2020-07-01","internetbasiert","Fertighäuser unterschiedliche Hausbau Firmen. hausbau-portal.net 2020 - Alle Rechte reserviert!, 2020-07-01","https://www.hausbau-portal.net/nc/haeuser-musterhaeuser-hausbau/fertighaeuser.html","Variant 35-154"
"1647","2020-06-16","internetbasiert","Mitteilung. Deutsche Hämophiliegesellschaft e.V., 2020-06-16","https://www.dhg.de/nachrichten-und-publikationen/aktuelle-informationen/mitteilung.html","Die UK Health Protection Agency berichtete am 16.02.09, dass bei einem Hämophilie A-Patienten aus Großbritannien post mortem durch Autopsie der Milz der Erreger der varianten Creutzfeldt-Jakob-Krankheit (vCJK) nachgewiesen wurde."
"1648","2020-08-03","internetbasiert","Variant 3017 TB | 320x168cm - 3,0t | Dreiseitenkipper - Blattfederung. PKW-Anhänger kaufen bei P+P Anhängercenter | Wohnmobil Vermietung & Anhängervermietung, 2020-08-03","http://www.ppanhaengercenter.com/store/p106/Variant-3017TB-Dreiseitenkipper-Blattfederung.html","Variant 3017 TB | 320x168cm - 3,0t | Dreiseitenkipper - Blattfederung"
"1649","2018-09-26","internetbasiert","Boucle vélo de Peillac n°13 - Moutainbike - Peillac. Tourisme Bretagne, 2018-09-26","https://www.bretagne-reisen.de/angebote/boucle-velo-de-peillac-n13-peillac-de-2184854/","5 Variante bourg de Peillac"
"1650","2019-04-15","internetbasiert","Für Überraschungen gut. Profi Online, 2019-04-15","https://www.profi.de/test/aus-dem-heft/fuer-ueberraschungen-gut-11686025.html","weitDie Claas Variant 485 RC Pro hat vor zwei Jahren das Erbe der 385er Variant angetreten."
"1651","2020-08-03","internetbasiert","Variant 3520 M5 | 460x198cm - 3,5t | Baumaschinentransporter mit Tridem Blattfederung. PKW-Anhänger kaufen bei P+P Anhängercenter | Wohnmobil Vermietung & Anhängervermietung, 2020-08-03","http://www.ppanhaengercenter.com/store/p540/Variant-3520M5-Tridem-Baumaschinenanhaenger-Blattfederung.html","Variant"
"1652","2019-12-19","internetbasiert","ABC Design Winterfußsack herb Diamond Edition | Kinderhaus Blaubär. kinderhaus-blaubaer.de, 2019-12-19","https://www.kinderhaus-blaubaer.de/abc-design-winterfusssack-herb-diamond-edition_34686_55721","[...] { _tsRatingConfig = { tsid : 'X0C74C395F78C2D0663798C126CCFC286', element : '#ts_review_sticker', variant : 'testimonial', reviews : '5', betterThan : '3.0', richSnippets : 'on', backgroundColor : '#FFDC0F', linkColor : '#000000', quotationMarkColor : '#FFFFFF', fontFamily : 'Arial', reviewMinLength : '10' }; var scripts = document.getElementsByTagName('SCRIPT'), me = scripts[scripts.length - 1]; var _ts = document.createElement('SCRIPT'); _ts.type = 'text/javascript'; _ts.async = true; _ts.src = '//widgets.trustedshops.com/reviews/tsSticker/tsSticker.js'; me.parentNode.insertBefore(_ts, me); _tsRatingConfig.script = _ts; })(); [...]"
"1653","2020-03-29","internetbasiert","Entwickler erklärt: Darum sieht die Xbox Series X aus wie ein Tower-PC. Mein-MMO.de, 2020-03-29","https://mein-mmo.de/xbox-series-x-erklaert-entwickler-ungewoehnliche-design/","Sollte Sony beim „klassischen“ flachen Design bleiben, kommt mir das Ding sicher frühenstens mit der ersten slim variante ins Haus."
"1654","2018-09-19","internetbasiert","Kaspersky: Wachsende Gefahr für IoT-Geräte. 0800hardware.de, 2018-09-19","http://0800hardware.de/kaspersky-wachsende-gefahr-fuer-iot-geraete/","Small (45mm x 18mm), robust and powerful board; 3.3V variant of the Nano family."
"1655","2018-01-11","internetbasiert","in-GmbH launcht neueste App-Version der IoT-Plattform sphinx open online V6.5 und gibt Ausblick auf V7. in-GmbH launcht neueste App-Version der IoT-Plattform sphinx open online V6.5 und gibt Ausblick auf V7, 2018-01-11","http://0800hardware.de/in-gmbh-launcht-neueste-app-version-der-iot-plattform-sphinx-open-online-v6-5-und-gibt-ausblick-auf-v7/","Small (45mm x 18mm), robust and powerful board; 3.3V variant of the Nano family."
"1656","2019-02-05","internetbasiert","Erbgut beeinflusst Blutglukosereaktion - Medizin Aspekte. Medizin Aspekte, 2019-02-05","https://medizin-aspekte.de/erbgut-beeinflusst-blutglukosereaktion-105875/","Originalpublikation: Rathmann W et al. A variant of the glucose transporter gene SLC2A2 modifies the glycaemic response to metformin therapy in recently diagnosed type 2 diabetes."
"1657","2020-02-10","internetbasiert","Relingträger, Dachträger | Ocean-Cross. Ocean-Cross, 2020-02-10","https://ocean-cross.de/produkt/relingtraeger-dachtraeger/","[...]> SKODA Favorit Station Wagon 93> SKODA Felicia Station Wagon 96> SKODA Octavia II Station Wagon 04>12 SKODA Octavia III Station Wagon 13> SKODA Octavia Scout 07>13 SKODA Praktik 07> SSANGYONG Rexton 02>06 SUBARU Legacy Station Wagon 89>05 SUZUKI Vitara 88>02 TOYOTA Avensis Station Wagon 98>08 TOYOTA Avensis Verso 01>06 TOYOTA Camry Estate 92>96 TOYOTA Carina E Wagon 82> TOYOTA Picnic 97>00 TOYOTA Previa 00> VOLKSWAGEN Bora Variant 99>05 VOLKSWAGEN Golf III Variant 94>98 VOLKSWAGEN Golf IV Variant 99>07 VOLKSWAGEN Passat V Variant 11>14 VOLKSWAGEN Passat Variant 06>10 VOLKSWAGEN Passat Variant 83>96 VOLKSWAGEN Passat Variant 97>05 VOLKSWAGEN Polo Fun 03> VOLKSWAGEN Polo Variant 88> VOLVO 200 74>94 VOLVO 700 Station Wagon 84>92 VOLVO V40 96>04 VOLVO V50 04> Volvo XC90 06> Stand: Januar 2015 Liste ohne Gewähr [...]"
"1658","2020-07-27","internetbasiert","Carlsen setzt Rekordjagd fort. SG Rochade Kuppenheim, 2020-07-27","http://www.rochade-kuppenheim.de/carlsen-setzt-rekordjagd-fort/","12.c4 Sxd5 13.cxd5 Sd4 14.Le3 h4 15.0–0 gibt Carlsen als Variante an. 12.c3 h4 13.Sc2 Lxd5?"
"1659","2020-01-01","internetbasiert","33-200. isover.ch, 2020-01-01","https://www.isover.ch/de/solutions/33-200","Description Unité 1 Unité 2 Variant 1 Variant 2 Variant 3 Variant 4 Variant 5 Variant 6 Zementestrich d [mm] 50 PS 81 d [mm] 20 UNIROLL 035 d [mm] 180 Wärmeschutz im Sommer Wärmespeicherfähigkeit (mit Rsi) κi,oben [Wh/m2 K)] 13 Wärmespeicherfähigkeit (mit Rsi) κi,unten [Wh/m2 K)] 3 Schalldämmung Bewertetes Schalldämm-Mass Rw [dB] 62 Spektrum-Anpassungswerte (C;Ctr)"
"1660","2020-01-01","internetbasiert","33-200. isover.ch, 2020-01-01","https://www.isover.ch/de/solutions/33-200","Description Unité 1 Unité 2 Variant 1 Variant 2 Variant 3 Variant 4 Variant 5 Variant 6 Zementestrich d [mm] 50 PS 81 d [mm] 20 UNIROLL 035 d [mm] 180 Wärmeschutz im Sommer Wärmespeicherfähigkeit (mit Rsi) κi,oben [Wh/m2 K)] 13 Wärmespeicherfähigkeit (mit Rsi) κi,unten [Wh/m2 K)] 3 Schalldämmung Bewertetes Schalldämm-Mass Rw [dB] 62 Spektrum-Anpassungswerte (C;Ctr)"
"1661","2018-11-08","internetbasiert","Datenschutzerklärung - Variant-Systembau. Variant Systembau GmbH, 2018-11-08","http://www.variantsystembau.de/datenschutz/","Variant Systembau GmbH Tannenweg 22 18059 Rostock"
"1662","2020-08-03","internetbasiert","Haben Sie Fragen?. Hanse Haus, 2020-08-03","https://www.hanse-haus.ch/de/fertighaus-referenzen/familie-zirkelbach/","Merkmale Hausserie Variant Hausname Variant 25 Verwendung Einfamilienhaus Dachform Satteldach Dachneigung 25° Kniestock 200 cm Wohnfläche 192,59 m² Grundfläche 200,44 m² Baujahr 2016 Ausbaustufe Schlüsselfertig"
"1663","2019-02-27","internetbasiert","KEPCO Partners with Inside Secure to Further Bolster Protection for Latest Chips Used in IoT Devices. 0800hardware.de, 2019-02-27","http://0800hardware.de/kepco-partners-with-inside-secure-to-further-bolster-protection-for-latest-chips-used-in-iot-devices/","The ease of use of a Nano board with the addition of secure IoT and BT connectivity Small (45mm x 18mm), robust and powerful board; 3.3V variant of the Nano family."
"1664","2020-05-12","internetbasiert","Nordvpn ich bin geschützt – Nordvpn | Erwartete Auswirkungen. Bester VPN-Vergleicher, 2020-05-12","http://minecraftopia.de/nordvpn-ich-bin-geschutzt-nordvpn-erwartete-auswirkungen/","Kostenlose variante dieses artikels werden laut eigenen website für die benutzung stark an der ganzen welt verwendet diese verschlüsselung von netflix ? Tag rund um dort vpn können sie auf der nutzer gespeichert werden sie 49% sowie vielen vpn im jahr liegt nun fortfahren und unblocker-diensten geht es mit einem virtuellen, drahtlosen verbindungen in den standorten mit rücksicht kann die’unknackbarkeit’der empfänger zugriff auf der aussage hängt ganz rechts dies zu leihen."
"1665","2020-01-01","internetbasiert","Gitteraufsatz DK 155x300. Koch Anhängerwerke, 2020-01-01","https://www.kochanhaengerwerke.de/et-shop/gitteraufsatz-dk-155x300","Variant Heckkipper Variant 168x320cm 2,7t | E-Pumpe | Rampen | Aktion"
"1666","2020-08-01","internetbasiert","KFZ-Steuer VW Passat. repareo.de, 2020-08-01","https://www.repareo.de/kfz-steuer-vw-passat/","KFZ-Steuer Volkswagen Passat Variant 2.0 TDI DPF"
"1667","2019-11-15","internetbasiert","Automatisches Ziehen einer Reportingvariante. berater-wiki.de, 2019-11-15","https://www.berater-wiki.de/Automatisches_Ziehen_einer_Reportingvariante","lv_variant = 'STANDARD'. call function 'RS_SUPPORT_SELECTIONS' exporting report = lv_report variant = lv_variant exceptions variant_not_existent = 1 variant_obsolete = 2 others = 3. if sy-subrc <> 0. * Variante & ist nicht vorhanden message i809(00) with lv_variant. endif. endform."
"1668","2020-01-01","internetbasiert","Matador MPS 400 Variant All Weather 2 205/75 R16 11 R. Autoreifenfinder, 2020-01-01","https://www.autoreifenfinder.ch/matador/mps-400-variant-all-weather-2/205-75-r16-11r-130984/","Bewerten Sie die Matador MPS 400 Variant All Weather 2"
"1669","2020-05-28","internetbasiert","Trennsätze. Schützdruck LOEWE Print. Logistik. Fulfillment., 2020-05-28","https://schuetzdruck.de/trennsaetze/","DURCHSCHREIBESÄTZE IN ALLEN VARIANTEN TRENNSÄTZE"
"1670","2019-01-01","internetbasiert","Original Aluminium Felge VW | Top-Preis: 1.104,90 €. Top-Preis: 1.104,90 €, 2019-01-01","https://www.basenio.de/guenstig-kaufen/original-aluminium-felge-vw-57193/_golf-7/","[...] BA5 1.4 TSI 1395 ccm, 110 KW, 150 PS VW Golf VII Variant 2013/05-2019/12 BA5 1.4 TSI 1395 ccm, 90 KW, 122 PS VW Golf VII Variant 2014/05-2019/12 BA5 1.4 TSI MultiFuel 1395 ccm, 92 KW, 125 PS VW Golf VII Variant 2013/04-2019/12 BA5 1.4 TSI MultiFuel 1395 ccm, 90 KW, 122 PS VW Golf VII Variant 2014/05-2019/12 BA5 1.6 1598 ccm, 81 KW, 110 PS VW Golf VII Variant 2013/05-2019/12 BA5 1.6 TDI 1598 ccm, 66 KW, 90 PS VW Golf VII Variant 2016/11-2019/12 BA5 1.6 TDI 1598 ccm, 85 KW, 115 PS VW Golf VII Variant 2013/05-2019/12 BA5 1.6 TDI 1598 ccm, 81 KW, 110 PS VW Golf VII Variant 2013/05-2019/12 BA5 1.6 TDI 1598 ccm, 77 KW, 105 PS VW Golf VII Variant 2013/05-2019/12 BA5 1.6 TDI 4motion 1598 ccm, 77 KW, 105 PS VW Golf VII Variant 2013/05-2019/12 BA5 1.6 TDI 4motion 1598 ccm, 81 KW, 110 PS VW Golf VII Variant 2015/05-2019/12 BA5 1.0 TSI 999 ccm, 85 KW, [...]"
"1671","2018-04-23","internetbasiert","Volkswagen GTI Vergleich VW up! GTI vs Polo GTI vs Golf GTI - Autogefühl. Autogefühl, 2018-04-23","https://www.autogefuehl.de/2018/04/23/volkswagen-gti-vergleich-vw-up-gti-vs-polo-gti-vs-golf-gti/","Lediglich die animierten Blinker und das zweistufige Bremslicht erhält der Variant nicht."
"1672","2020-06-06","internetbasiert","Der VW Passat für die grünen Momente - Main-Spitze. Main-Spitze, 2020-06-06","https://www.main-spitze.de/ratgeber/auto-und-motorrad/autotests/volkswagen/der-vw-passat-fur-die-grunen-momente_21770500","Auch wenn große Familienkombis auf der Wunschliste nicht mehr ganz oben stehen aufgrund des SUV-Booms: Der Passat ist als Variant mit knapp 4,90 Meter Länge eine stattliche Erscheinung."
"1673","2019-06-12","internetbasiert","Die Zucht von Dendrobaten | Terrarien-Keller. Terrarien-Keller, 2019-06-12","https://www.terrarien-keller.de/die-zucht-von-dendrobaten","Ebenfalls wie bei den Großen Terrarien muss bei der kleinen variante des EXO TERRA TERRARIUM (30 x 30 x 30 cm) die eine Hälfte der Belüftungsfläche abgedeckt werden, um ein schönes Regenwald Tropenklima zu erzeugen."
"1674","2020-08-01","internetbasiert","Wäschetrockner Beko Wäschetrockner Schalter einbauen. forum.electronicwerkstatt.de, 2020-08-01","https://forum.electronicwerkstatt.de/phpBB/Ersatzteile_Reparatur_Waeschetrockner/waeschetrockner_beko_waeschetrockner_schalter_einbauen-t149987f56_bs0.html","Es war leider keine der beiden varianten richtig"
"1675","2020-07-31","internetbasiert","Waschmaschine AEG Öko Lavamat 71739 update. forum.electronicwerkstatt.de, 2020-07-31","https://forum.electronicwerkstatt.de/phpBB/Ersatzteile_Reparatur_Haushalt/waschmaschine_aeg_oeko_lavamat_71739_update-t58351f40_bs0.html","Geräteart : Waschmaschine Hersteller : AEG Gerätetyp : Öko Lavamat 71739 update Kenntnis : Artverwandter Beruf Messgeräte : Multimeter, Phasenprüfer, Duspol ______________________ hallo ihr wunderschrauber, mal wieder probleme mit ner Wama ! Gerät bleibt während des Programms stehen , und zeigt nen fehler E21 an( tippe auf die pumpe) weiss jemand ob ich da richtig liege ? und wie kann man bei dieser maschine den fehlerspeicher löschen ( hab schon 2 varianten ausprobiert und hat nich hingehauen ) danke im Voraus"
"1676","2020-01-01","internetbasiert","Rux Variant Modulgerüst - gebraucht zum Bestpreis kaufen. Cetrac Gmbh - Gerüste & Schalungen, 2020-01-01","https://www.geruest.com/rux-variant/","Rux Variant Modulgerüst gebraucht Stahlgerüst RUX Variant kaufen"
"1677","2018-01-07","internetbasiert","Meltdown und Spectre: SpaceHost-Server gepatcht - SpaceHost Blog. SpaceHost - Webhosting, Domains, Server auf SSD, 2018-01-07","https://spacehost.de/meltdown-spectre-server-patch/","Da wir CentOs einsetzen und diese zeitnah Patches direkt von RHEL übernehmen, sind die Szenarien im Detail in CVE-2017-5753 (variant #1/Spectre), CVE-2017-5715 (variant #2/Spectre) und CVE-2017-5754 (variant #3/Meltdown) beschrieben."
"1678","2018-07-03","internetbasiert","Prof. Dr. Dr. Stefan Engelhardt. Bayerisches Forschungsnetzwerk für Molekulare Biosysteme, 2018-07-03","http://www.biosysnet.de/projekte/assoziierte-seniorprojekte/prof-dr-dr-stefan-engelhardt/","Rochais F, Vilardaga JP, Nikolaev VO, Bünemann M, Lohse MJ & Engelhardt S. Real-time optical recording of beta1-adrenergic receptor activation reveals supersensitivity of the Arg389 variant to carvedilol."
"1679","2019-03-11","internetbasiert","DDoS Threat Intelligence Report von A10 Networks zeigt: Cyberkriminelle nutzen verstärkt IoT-Geräte für DDoS-Angriffe. 0800hardware.de, 2019-03-11","http://0800hardware.de/ddos-threat-intelligence-report-von-a10-networks-zeigt-cyberkriminelle-nutzen-verstaerkt-iot-geraete-fuer-ddos-angriffe/","The ease of use of a Nano board with the addition of secure IoT and BT connectivity Small (45mm x 18mm), robust and powerful board; 3.3V variant of the Nano family."
"1680","2019-11-28","internetbasiert","Volkswagen Golf Variant MFH Mehrmarken Fahrzeughandel - Neuwagenvermittlung-24. Osna-Autos, 2019-11-28","https://www.mfh-autos.de/liste-volkswagen-golf-variant-a__46671_alle.php","Volkswagen Golf Variant 8 R-Line 1,5 TSI ACT 110KW ACC 2023 Bestellung ab Werk"
"1681","2018-05-31","internetbasiert","VW Passat Variant: Den neuen Volkswagen bewundern. Auto-Kombi, 2018-05-31","https://www.kombi.de/vw-passat-variant/","Der 300 PS starke Benzinmotor beschleunigt den Passat Variant auf eine maximale Geschwindigkeit von bis zu 250 Kilometern pro Stunde."
"1682","2018-04-10","internetbasiert","Variant 45 - 154. TM Handelsvertretung, 2018-04-10","https://www.genau-mein-zuhause.de/pf/variant-45-154/","11. April 2018 Hanse HäuserVariant 45 - 154 Hanse Haus 02Variant 45 - 154 Hanse Haus ZurückWeiter"
"1683","2018-11-12","internetbasiert","Samsung Galaxy S10 – InDisplay Kamera wird wohl nicht vorhanden sein. Testberichte, News, Tablets & Smartphones, 2018-11-12","https://www.appdated.de/2018/11/samsung-galaxy-s10-soll-noch-ohne-indisplay-kamera-kommen/","According to The Bell, the most powerful Galaxy S10 variant, the Galaxy S10 Plus, will ship with a 6.44-inch display*, while the entry-level model may sport a 5-inch panel."
"1684","2019-09-21","internetbasiert","Fridays for Future. OST-Blog, 2019-09-21","http://ost-blog.passat32.de/2019/09/21/fridays-for-future/","Ich hatte damals an meinem marsroten 32b, allerdings Variant, die ATS Cup in 7×15 ET20. Wäre das keine Option?"
"1685","2019-07-22","internetbasiert","Fahrzeug Detailsuche | Autohaus Willi Klaus GmbH. Autohaus Willi Klaus GmbH, 2019-07-22","https://www.autohaus-klaus.de/fahrzeugbestand/fahrzeug-detailsuche__trashed/","[...] Unternehmsgruppe Kontakt aufnehmen Service Termin Weitere Standorte unserer Unternehmensgruppe × Detailsuche - Fahrzeug(e) gefunden Fahrzeugtyp Bauart Cabrio/Roadster Integrierter Kastenwagen Kastenwagen hoch + lang Kleinwagen Kombi Kombi, Kleinbus bis 9 Sitze Limousine Sportwagen/Coupé SUV/Geländewagen/Pickup Van/Kleinbus Fahrzeugart Gebrauchtfahrzeug Jahreswagen Neufahrzeug Tageszulassung Vorführfahrzeug Allgemeine Angaben Marke Audi Cupra Fiat Honda Mercedes-Benz MINI Opel Porsche Renault Seat Skoda Smart Volkswagen Modell A1 A3 A4 A6 A6 Allroad A8 Amarok Arteon Astra Ateca Caddy Cayenne Citan Clio Cooper S Clubman CR-V Crafter Fabia Fiorino ForFour Formentor Golf Golf Plus Golf Sportsvan Grand California Ibiza ID.3 Kamiq Karoq Kodiaq Leon Mii Octavia Passat Passat Variant Polo Q2 Q3 Q5 R8 RS6 S3 S7 Scala SQ2 SQ7 T-Cross T-Roc T6 T6 Caravelle T6 Kombi T6 Multivan T6.1 T7 Multivan Taigo Tiguan Tiguan Allspace Touareg Touran up! [...]"
"1686","2020-01-01","internetbasiert","Möbellexikon. möbellexikon.com, 2020-01-01","https://www.möbellexikon.com/b/bueromoebel.html","Die repräsentativere variante des Büro Stuhls, oftmals auch deutlich bequemer, nennt sich Chefsessel."
"1687","2019-05-07","internetbasiert","Vw golf 4. Web-Set Interactive Gmbh, 2019-05-07","https://www.car7.ch/auto/Vw-golf-4-_6248_0.html","VW Golf VI Variant 1.6 TDI BlueMT Trendl. DSG"
"1688","2018-01-12","internetbasiert","1.9, 2.0, TDI, Original, neu, Turbolader, Garrett, 717858-5010S, AVF, AWX, BGW, BLB, BNA, BPW, BRE, BRF, BSS, Audi, Skoda, VW. Turbolader-24.de, 2018-01-12","https://www.turbolader-24.de/de/turbolader-pkw-audi/58-717858-5010s-avf-awx-bgw-blb-bna-bpw-bre-brf-bss-audi-skoda-vw-turbolader-garrett.html","Variant"
"1689","2018-02-02","internetbasiert","Panel für genetische Augenerkrankungen - CeGaT GmbH. CeGaT GmbH, 2018-02-02","https://www.cegat.de/diagnostik/panel-diagnostik/augenerkrankungen/","Umfangreiche Befundung: Die Interpretation umfasst einzelne Nukleotidvarianten (single-nucleotide variant, SNVs), kleine Insertionen und Deletionen (INDELs) und Kopienzahlvarianten (copy number variants, CNVs) von einzelnen und / oder mehreren Exons."
"1690","2020-01-01","internetbasiert","VW Vorteilspakete für Modelle älter als 4 Jahre. Volkswagen Österreich, 2020-01-01","https://www.volkswagen.at/service-zubehoer/volkswagen-service/angebote-und-aktionen/vorteilspakete","[...] Modell Baujahr statt ab im Vorteilspaket ab Jetta 05-10 347,- 258,- Jetta 11-16 352,- 259,- Golf IV 02-05 433,- 331,- Bora 02-05 433,- 331,- Golf Plus 05-09 347,- 258,- Golf Plus 10-16 339,- 251,- Golf V 04-09 326,- 244,- Touran 03-09 346,- 258,- Touran 11-16 343,- 258,- Golf VI 09-13 347,- 258,- Golf VII 1,2 L Benzin 12-16 329,- 246,- Golf VII TDI-CR 12-16 362,- 267,- Scirocco 1,4 L Benzin 08-16 325,- 241,- Eos 1,4 L Benzin 08-16 369,- 283,- Golf Variant 07-09 322,- 237,- Golf Variant 10-14 348,- 249,- Polo 1,2 L Benzin 08-09 263,- 200,- Polo 1,4 L TDI 08-09 327,- 240,- Polo 44-55 KW Benzin 10-16 300,- 225,- New Beetle 1,2 L Benzin 12-16 322,- 246,- Passat 06-07 344,- 257,- Passat 08-09 317,- 235,- Passat 10-14 349,- 259,- Passat 15-16 370,- 274,- Sharan 02-07 449,- 344,- Sharan 08-09 329,- 243,- Sharan 10-16 357,- 266,- Tiguan 07-10 317,- 235,- Tiguan 11-16 349,- 259,- Touareg 6 Zyl. Diesel 05-10 620,- 454,- Touareg 6 Zyl. Diesel 11-16 629,- 466,- [...]"
"1691","2020-08-03","internetbasiert","Variant 3518 M3 | 300x180cm - 3,5t | Baumaschinen Anhänger mit Blattfederung. PKW-Anhänger kaufen bei P+P Anhängercenter | Wohnmobil Vermietung & Anhängervermietung, 2020-08-03","http://www.ppanhaengercenter.com/store/p615/Variant-3518M3-Baumaschinenanhaenger-Blattfederung.html","Variant 3518 M3 | 300x180cm - 3,5t | Baumaschinentransporter - Blattfederung"
"1692","2020-10-05","internetbasiert","Bodenarbeitsseil Dünn - Prices from 51.60 to 58.75. Bataliru, 2020-10-05","https://bataliru.de/products/bodenarbeitsseil-dunn-prices-from-51-60-to-58-75","[...] Variant for price 54.1 Variant for price 54.2 Variant for price 54.55 Variant for price 54.65 Variant for price 54.75 Variant for price 55.15 Variant for price 55.25 Variant for price 55.6 Variant for price 55.7 Variant for price 56.2 Variant for price 56.65 Variant for price 56.75 Variant for price 57.25 Variant for price 57.7 Variant for price 58.75 Variant for price 51.6 Variant for price 52 Variant for price 52.1 Variant for price 52.2 Variant for price 52.45 Variant for price 52.55 Variant for price 52.65 Variant for price 53.05 Variant for price 53.15 Variant for price 53.25 Variant for price 53.5 Variant for price 53.6 Variant for price 53.7 Variant for price 54.1 Variant for price 54.2 Variant for price 54.55 Variant for price 54.65 Variant for price 54.75 Variant for price 55.15 Variant for price 55.25 Variant for price 55.6 Variant for price 55.7 Variant for price 56.2 Variant for price 56.65 Variant for price 56.75 Variant for price 57.25 Variant for price 57.7 Variant for price 58.75 In den Einkaufswagen legen Teilen Auf Facebook teilen Twittern Auf Twitter twittern Pinnen Auf Pinterest pinnen Teilen Auf Facebook teilen Twittern Auf Twitter twittern Pinnen Auf Pinterest pinnen [...]"
"1693","2020-10-05","internetbasiert","Bodenarbeitsseil Dünn - Prices from 51.60 to 58.75. Bataliru, 2020-10-05","https://bataliru.de/products/bodenarbeitsseil-dunn-prices-from-51-60-to-58-75","[...] Menü Messanleitung Hundehalsband Knotenhalfter Material & Farben Material & Farben Menü Material & Farben Material Farben Gutschein Alle Produkte Bodenarbeitsseil Dünn - Prices from 51.60 to 58.75 Normaler Preis €51,60 Sonderpreis €51,60 Angebot inkl. MwSt. zzgl. Versandkosten Title Variant for price 51.6 Variant for price 52 Variant for price 52.1 Variant for price 52.2 Variant for price 52.45 Variant for price 52.55 Variant for price 52.65 Variant for price 53.05 Variant for price 53.15 Variant for price 53.25 Variant for price 53.5 Variant for price 53.6 Variant for price 53.7 Variant for price 54.1 Variant for price 54.2 Variant for price 54.55 Variant for price 54.65 Variant for price 54.75 Variant for price 55.15 Variant for price 55.25 Variant for price 55.6 Variant for price 55.7 Variant for price 56.2 Variant for price 56.65 Variant for price 56.75 Variant for price 57.25 Variant for price 57.7 Variant for price 58.75 Variant for price 51.6 Variant for price 52 Variant for price 52.1 Variant for price 52.2 Variant for price 52.45 Variant for price 52.55 Variant for price 52.65 Variant for price 53.05 Variant for price 53.15 Variant for price 53.25 Variant for price 53.5 Variant for price 53.6 Variant [...]"
"1694","2019-09-13","internetbasiert","VW Passat Variant. Autohaus Stoppanski, 2019-09-13","https://www.stoppanski.de/fahrzeuge/passat/","Daran hat sich auch beim neuen Passat Variant nichts geändert."
"1695","2020-07-27","internetbasiert","1 Audiosignal vermehren Spliter Ersatzteilversand. forum.electronicwerkstatt.de, 2020-07-27","https://forum.electronicwerkstatt.de/phpBB/Projekte_im_Selbstbau/1_audiosignal_vermehren_spliter-t29513f34_bs0.html","ich will aber eine billige variante versuchen"
"1696","2018-05-31","internetbasiert","VW Golf Variant: Zuverlässigkeit und Erfolg seit 1993. Auto-Kombi, 2018-05-31","https://www.kombi.de/vw-golf-variant/","Vor allem die zeitgleich eingeführten TDI-Motoren und deren serienmäßiger Einbau in den Golf III Variant machten das Fahrzeug als Dienstfahrzeug enorm beliebt."
"1697","2019-06-14","internetbasiert","Passwort-Manager: Mobile App von Bitwarden 2.0 ist da. Caschysblog, 2019-06-14","https://stadt-bremerhaven.de/passwort-manager-mobile-app-von-bitwarden-2-0-ist-da/","Kann mich da auch nur positiv anschließen. sowohl in der kostenfreien als auch 10 € pro jahr variante der zuverlässigste passwordmanager."
"1698","2019-11-03","internetbasiert","Viren - IRC-Mania.de. IRC-Mania.de, 2019-11-03","https://www.irc-mania.de/viren/","Family.Variant DOS/MBR/BOOT virus (DOS or BOOT/MBR virus) Dropper.Family.Variant <Quelle – Bitdefender> Bei Befall mit einem Dropper wird der eigentliche Virus erst später installiert oder gestartet."
"1699","2020-01-01","internetbasiert","21-600. isover.ch, 2020-01-01","https://www.isover.ch/de/solutions/21-600","Description Unité 1 Unité 2 Variant 1 Variant 2 Variant 3 Variant 4 Variant 5 Variant 6 Kassettenbreite b [mm] 333 333 333 333 333 333 CLADISOL 032 d [mm] 80 100 120 80 100 120 PB F 030 d [mm] 80 80 80 100 100 100 Wärmeschutz im Winter und Sommer * * * * * * Wärmedurchgangskoeffizient:"
"1700","2020-12-05","internetbasiert","Dr. med. Ulrich Bohr. Praxiszentrum Kaiserdamm, 2020-12-05","https://praxiszentrum-kaiserdamm.de/aerzteteam/dr-med-ulrich-bohr/","Loos U, Hagner S, Bohr URM, Bogatkewitsch GS, Jakobs KH, van Koppen CJ. Enhanced cAMP accumulation by the human thyrotropin receptor variant with the Pro52Thr substitution in the extracellular domain."
"1701","2019-01-22","internetbasiert","Advantech ernennt Dirk Finstel zum Associate Vice President Embedded IoT Europe. 0800hardware.de, 2019-01-22","http://0800hardware.de/advantech-ernennt-dirk-finstel-zum-associate-vice-president-embedded-iot-europe/","Small (45mm x 18mm), robust and powerful board; 3.3V variant of the Nano family."
"1702","2019-11-19","internetbasiert","Oberlandesgericht Düsseldorf: Abgasmanipulation bei einem VW ist Mangel und berechtigt zum Rücktritt. vdvka.de, 2019-11-19","https://www.vdvka.de/oberlandesgericht-duesseldorf-abgasmanipulation-bei-einem-vw-ist-mangel-und-berechtigt-zum-ruecktritt/","Das Oberlandesgericht (OLG) Düsseldorf hat entschieden wegen der Abgasmanipulation bei dem verbauten Dieselmotor der Motorbaureihe EA189 EU 5 könne der Käufer eines VW Passat Variant vom Kaufvertrag zurücktreten."
"1703","2019-11-13","internetbasiert","UKW006 Brexit: Dead in a ditch. UKW, 2019-11-13","https://ukw.fm/ukw006-dead-in-a-ditch/","[...]also es war grob den deal was schon auf den tisch stand in,sehen ja also schon zwei jahre her und es war dann eine,eine deutliche änderung für wie man findet eine lösung für diese problematik an der not irische grenze als vorher vorgeschlagen.Wollte auf keinen fall soll kontrollen an der grenze in irland,und keine zoll kontrollen zwischen nordirland und den rest von großbritannien deswegen war dann,ein eine zoll union zwischen die,großbritannien und die eu möglicherweise bis zwanzig vierundzwanzig dann erforderlich also das war,groß zusammengefasst die ursprüngliche variante von theresa may boris johnson.Hat das dann anders gemacht danke so gesagt hey ich will dieses backstube nicht mehr.Wir finden dann eine andere lösung der hat so eine doppelte zoll union lösung vorgeschlagen damit eseinige kontrollen gibt zwischen nordirland und den rest von großbritannien wir wissen zumindest obwohl boris johnson selbst genau den gegentor sagt dass nach dem vorgeschlagen version von boris johnson und für firmen.Die waren von großbritannien nach nordirland liefern müssen die müssen so ein export scheinjetzt vorlegen was normalerweise in eine,kontrollen auf waren zwischen für experten zwischen großbritannien auf [...]"
"1704","2018-05-18","internetbasiert","Wirecard launcht IoT-Retail-Showcase mit biometrischer Gesichtserkennung. 0800hardware.de, 2018-05-18","http://0800hardware.de/wirecard-launcht-iot-retail-showcase-mit-biometrischer-gesichtserkennung/","Small (45mm x 18mm), robust and powerful board; 3.3V variant of the Nano family."
"1705","2020-01-01","internetbasiert","Matador MPS 125 235/65 R16 121 N. Autoreifenfinder, 2020-01-01","https://www.autoreifenfinder.ch/matador/mps-125/235-65-r16-121n-94085/","""Matador MPS 125 Variant ( 235/65 R16C 121/119N Doppelkennung 118R )"""
"1706","2020-08-03","internetbasiert","Kastensystem. SHG Rolladen-Systeme GmbH, 2020-08-03","https://www.shginfo.de/rollladen-sonnenschutz-insektenschutz-garagentore-produkt/kastensystem/","Sowohl Variant 2.0 wie auch VariNova sparen Ihnen Zeit und Aufwand, da sie mit dem Fenster zugleich eingebaut wird."
"1707","2019-07-22","internetbasiert","Fahrzeug Detailsuche | Autohaus Strobel GmbH. Autohaus Strobel GmbH, 2019-07-22","https://www.auto-strobel.de/fahrzeugbestand/fahrzeug-detailsuche/","[...] Service-Angebote zum ebay Shop Service Leistungsportfolio Dienstleistungen Finanzdienstleistungen Werkstattservice Audi Service VW Service Online Termin Audi Service Online Termin Seat Service Online Termin 24 Stunden Notdienst über uns Geschichte Anfahrt / Öffnungszeiten Ansprechpartner Stellenangebote Kontaktformular Schnellbewerbung × Fahrzeugbestand Fahrzeug Detailsuche Detailsuche - Fahrzeug(e) gefunden Fahrzeugtyp Bauart Cabrio/Roadster Kleinwagen Kombi Limousine Sportwagen/Coupé SUV/Geländewagen/Pickup Transporter Kasten Van/Kleinbus Fahrzeugart Gebrauchtfahrzeug Jahreswagen Neufahrzeug Tageszulassung Vorführfahrzeug Allgemeine Angaben Marke AUDI BMW CUPRA SEAT SKODA VW Modell 320520 A3 A4 A5 A6 Amarok Arona Arteon Ateca Caddy Crafter Formentor Golf Golf Sportsvan Ibiza ID.3 ID.4 ID.Buzz Karoq Leon M235i New Beetle Passat Passat Alltrack Passat Variant Polo Q5 Q8 RS3 S4 Sharan T-Cross T-Roc T6 California T6 Multivan T6 Transporter T7 Multivan Taigo Tiguan Tiguan Allspace Touareg Touran up Aktionen Standort Autohaus Strobel GmbH Getriebe Automatik Schaltgetriebe Alle Kraftstoffe Benzin Diesel Elektro Hybrid Hybrid-Diesel Anzahl Türen 2 3 4 5 Klimatisierung Klimaanlage Klimaautomatik Außenfarbe beige blau braun gelb gold grau grün orange rot schwarz silber weiß Schadstoffklasse Euro5 Euro6 Euro6d Umweltplakette (Gelb) [...]"
"1708","2018-07-03","internetbasiert","Eiche. classychoice.de, 2018-07-03","https://classychoice.de/products/eiche","This variant is currently sold out"
"1709","2018-03-23","internetbasiert","Lachsfliegen. as-shop.versacommerce.de, 2018-03-23","https://as-shop.versacommerce.de/collections/lachsfliegen","Die Ullsock Variant 2 ist mit einer FF Drainer Disk..."
"1710","2020-08-01","internetbasiert","Lokalisieren Sie Ihre Software und erschließen Sie neue Märkte. sisulizer.de, 2020-08-01","https://www.sisulizer.de/online-help/SystemVariantDialog.shtml","Use this sheet to specify the variant names."
"1711","2020-04-06","internetbasiert","UKW016 Corona: Masken Berlin. UKW, 2020-04-06","https://ukw.fm/ukw016-corona-masken-berlin/","Genau aber bei den bei den kranken pflegern und schwestern ziemlich ziemlich schnell und dann war irgendwie klar dort werden die mundschützer knapp.Und dann hat sich sehr schnell bei uns eine gruppe gefunden die angefangen hat stoff masken zu nehmen,also jetzt nicht diese einfach nur einen lappen vors gesicht hängen sondern die variante mit einer vernünftigen tasche drin so dass man dann in diesem behält,küchenrollen irgendwie filter dass da verstärken kann also dass die stoff maske sozusagen."
"1712","2020-12-16","internetbasiert","Vimcar-Flottenstudie: E-Mobilität und Digitalisierung dominieren. VISION mobility, 2020-12-16","https://vision-mobility.de/news/vimcar-flottenstudie-e-mobilitaet-und-digitalisierung-dominieren-74393.html","Der beliebteste „nachhaltige“ Firmenwagen sei aber der Mercedes Vito (22 Prozent), gefolgt vom Passat Variant (Hybrid, 19 Prozent) und dem VW-Golf (17 Prozent)."
"1713","2020-06-30","internetbasiert","Unity - Was ist das 2D-Sprites-Shape-Paket?. Games und Lyrik, 2020-06-30","https://games-und-lyrik.de/was-ist-das-2d-sprites-shape-paket/","Sprite Variant: Ermöglicht die Auswahl einer Sprite-Variante aus dem Dropdown-Menü aus."
"1714","2019-06-07","internetbasiert","Vorverkauf des neuen Passat. My Bavaria - Das Bayern-Magazin, 2019-06-07","http://my-bavaria.com/zu-den-auto-nachrichten/vorverkauf-des-neuen-passat/","Sie liegt jetzt bei bis zu 55 Kilometern (Variant) beziehungsweise 57 Kilometern (Limousine) im WLTP-Zyklus."
"1715","2019-12-06","internetbasiert","Schwarwel Gevatter #3 „Kapitel Drei: Verhandlung“ (Variant, Digital-PDF) - Glücklicher Montag Shop. Glücklicher Montag Shop, 2019-12-06","https://gluecklicher-montag-shop.de/produkt/schwarwel-gevatter-3-kapitel-drei-verhandlung-variant-digital-pdf/","Schwarwel (Story, Artwork und Zeichnungen) Gevatter #3 „Kapitel Drei: Verhandlung“ (Variant Edition) Graphic Novel im Amiformat Umfang: 36 Seiten s/w mit Farbcover und Magazinteil mit Interviews mit Schwarwel und Sarah Burrini Cover:"
"1716","2018-05-08","internetbasiert","Star Citizen: Neues 600$-Schiff ohne Versicherung verärgert die Fans. Mein-MMO.de, 2018-05-08","https://mein-mmo.de/star-citizen-neue-schiffe-ohne-versicherung-aergern-fans/","2tens sind die 600 euro varianten die Militärvarianten."
"1717","2020-03-02","internetbasiert","Alvi Baby Kugelschlafsack Molton Stars silber 608-9 | Kinderhaus Blaubär. kinderhaus-blaubaer.de, 2020-03-02","https://www.kinderhaus-blaubaer.de/alvi-baby-kugelschlafsack-molton-stars-silber-608-9_31119_47421","[...] { _tsRatingConfig = { tsid : 'X0C74C395F78C2D0663798C126CCFC286', element : '#ts_review_sticker', variant : 'testimonial', reviews : '5', betterThan : '3.0', richSnippets : 'on', backgroundColor : '#FFDC0F', linkColor : '#000000', quotationMarkColor : '#FFFFFF', fontFamily : 'Arial', reviewMinLength : '10' }; var scripts = document.getElementsByTagName('SCRIPT'), me = scripts[scripts.length - 1]; var _ts = document.createElement('SCRIPT'); _ts.type = 'text/javascript'; _ts.async = true; _ts.src = '//widgets.trustedshops.com/reviews/tsSticker/tsSticker.js'; me.parentNode.insertBefore(_ts, me); _tsRatingConfig.script = _ts; })(); [...]"
"1718","2019-05-21","internetbasiert","Peugeot 308 SW - Kombi mit Vergnügen - NewCarz.de. NewCarz.de, 2019-05-21","https://www.newcarz.de/2019/05/21/peugeot-308-sw-kombi-mit-vergnuegen/","Ein ebenbürtig ausgestatteter Golf Variant mit vergleichbarer Leistung ist beispielsweise deutlich teurer."
"1719","2020-03-31","internetbasiert","VW Firmenwagen: Lösungen für Ihren Fuhrpark. Volkswagen Österreich, 2020-03-31","https://www.volkswagen.at/angebote/vw-unternehmer","Der Allrounder für jeden Tag: Das ist der VW Golf Variant."
"1720","2020-01-01","internetbasiert","Alveus (### Artikel). kitchenking.de, 2020-01-01","https://www.kitchenking.de/hersteller/alveus.html","ALVEUS Überlaufventil Pop-up / Ab- und Überlaufgarnitur mit Drehexcenter für die Spülen QUADRIX und VARIANT29,99 €Überlaufventil Pop-up / Ab- und Überlaufgarnitur mit Drehexcenter passend für ALVEUS Spülen QUADRIX und VARIANT."
"1721","2020-02-21","internetbasiert","Rohdaten-Export - etracker. Etracker Gmbh, 2020-02-21","https://www.etracker.com/docs/data-services/rohdaten/","[...] STC_CC_ATTR_VALUE_NEW_VISITOR visitor_status STC_CC_ATTR_VALUE_NO_CUSTOMER et_seg1 et_seg2 et_seg3 et_seg4 et_seg5 order_number 2465897 product_name Jeansshorts product_id 5986 1. Kategorie women 2. Kategorie bottoms 3. Kategorie jeans 4.Kategorie shorts url www.kundenseite.com/shop/women/clothes Zusätzliche Dimensionen für externe Attribution medium (etcc_med) STC_CC_ATTR_VALUE_LINK campaign (etcc_cmp) summer_2019 partner (etcc_par) affilinet advertiser (etcc_adv) kundenseite agency (etcc_acy) kundenagentur group (etcc_grp) summer target (etcc_tar) sales variant (etcc_var) banner placement (etcc_plc) top keyword (etcc_key) shorts origin (etcc_ori) www.blog.de origin/path /index.php Zusätzliche Dimensionen für Onsite-Attribution etcc_cmp_onsite etcc_med_onsite etcc_st_onsite [...]"
"1722","2020-12-31","internetbasiert","VW Passat Variant EU Neuwagen | Jütten und Koolen. Jütten und Koolen, 2020-12-31","https://www.juetten-koolen.de/fahrzeuge/eu-neuwagen/VW-Passat-Variant/","Dieses Credo macht auch vor dem Passat Variant nicht halt."
"1723","2020-11-10","internetbasiert","Zodiac Boot kaufen - Medline 9. Sportboot Center Hannover GmbH, 2020-11-10","https://www.sportbootcenter.de/zodiac_medline_9/","VARIANTEN AUSSTATTUNG"
"1724","2020-03-03","internetbasiert","Open Water Diver - Funny Diving. Funny Diving, 2020-03-03","https://www.funnydiving.ch/open-water-diver/","Kurs varianten:"
"1725","2020-12-31","internetbasiert","VW Passat Variant EU Neuwagen | Jütten und Koolen. Jütten und Koolen, 2020-12-31","https://www.juetten-koolen.de/fahrzeuge/eu-neuwagen/VW-Passat-Variant--Variante/1","Nicht nur im Innenraum wird deutlich, dass der VW Passat Variant auf einen designstarken Ausdruck setzt."
"1726","2020-01-01","internetbasiert","Koch Deckelanhänger 105x205cm Höhe:80cm 750kg|Typ U2. Koch Anhängerwerke, 2020-01-01","https://www.kochanhaengerwerke.de/koch-anhaenger/deckel-anhaenger/koch-deckelanhaenger-105x205cm-hoehe-80cm-750kg-typ-u2","Variant Heckkipper Variant 168x320cm 2,7t | E-Pumpe | Rampen | Gitter | Aktion"
"1727","2020-01-01","internetbasiert","Volkswagen VW 411. vw-411.de, 2020-01-01","http://vw-411.de/Testberichte-1968/Volkswagen-VW-411/","[...] - hier der VW 411 L 1998 - Nachgehakt - VW 411 L 1998 - Quartett komplett 1997 - VW 411 LE Silberpfeil 1996 - Wie die Feuerwehr 1996 - Noch ein Lösch-Nasenbär 1995 - BAUMEISTERWERK II 1995 - Treffpunkt Garage - VW 411 1995 - Offener Nasenbär 1994 - SUPERNASE 1993 - Ein Nasenbär kehrt zurück 1992 - Eine Limo bitte! 1991 - Die verteufelten 68er 1990 - Prototypenberichte ab 1965 1989 - Kaufberatung: VW 411 1976 - Kaufberatung VW 411/412 Presseberichte VW 412 2019 - Das Goldstück 2017 - Einfach nur cool! 1974er 412 LS Variant 2016 - Der Typ 4 2013 - Nordhoffs Vermächtnis Zubehör ab 1968 Autoradio-Zubehör Bordinstrumente Felgen und Reifen HELLA - Zubehör Kopfstützen Sportlenkräder Club-Treffen VW 411/412 ab 1987 2020 - Treffen Doktorsee 2019 - Oude Pekela (NL) 2018 - 50 Jahre VW Typ 4 2017 - Laichingen 2016 - Arnheim 2015 - Sassenberg 2014 - Arnheim (NL) 2013 - Egnach (CH) 2012 - Wolfsburg 2011 - Arnheim (NL) 2010 - Arnheim (NL) 2009 - Salzburg (A) 2008 - Zeeland (NL) 2007 - St. Margrethen (CH) [...]"
"1728","2020-02-29","internetbasiert","COVID-19 (Coronavirus SARS-CoV-2) | Praxis Winkler. Praxis Winkler, 2020-02-29","https://praxis-a-winkler.de/2020/02/29/covid-19-coronavirus-sars-cov-2/","Symptomtypen/Mögliche Symptome Virusvarianten/VOC (Variant Of Concern)"
"1729","2020-01-01","internetbasiert","Debon Heckkipper DK 150x250cm 1,3t|Hand-Pumpe|Gitter|Aktion. Koch Anhängerwerke, 2020-01-01","https://www.kochanhaengerwerke.de/kipper/rueckwaertskipper/debon-heckkipper-dk-150x250cm-1-3t-hand-pumpe-gitter-aktion","Variant Hochlader Anhänger P3 2018 Comfort | 175x315cm 2,0t"
"1730","2018-02-24","internetbasiert","Markt-Daten Mittlerweile 10 Milliarden IoT-Geräte am Netz. 0800hardware.de, 2018-02-24","http://0800hardware.de/markt-daten-mittlerweile-10-milliarden-iot-geraete-am-netz/","Small (45mm x 18mm), robust and powerful board; 3.3V variant of the Nano family."
"1731","2020-03-02","internetbasiert","Träumeland Reisebettmatratze Exclusiv 60 x 120 cm | Kinderhaus Blaubär. kinderhaus-blaubaer.de, 2020-03-02","https://www.kinderhaus-blaubaer.de/traeumeland-reisebettmatratze-exclusiv-60-x-120-cm_31436_49829","[...] { _tsRatingConfig = { tsid : 'X0C74C395F78C2D0663798C126CCFC286', element : '#ts_review_sticker', variant : 'testimonial', reviews : '5', betterThan : '3.0', richSnippets : 'on', backgroundColor : '#FFDC0F', linkColor : '#000000', quotationMarkColor : '#FFFFFF', fontFamily : 'Arial', reviewMinLength : '10' }; var scripts = document.getElementsByTagName('SCRIPT'), me = scripts[scripts.length - 1]; var _ts = document.createElement('SCRIPT'); _ts.type = 'text/javascript'; _ts.async = true; _ts.src = '//widgets.trustedshops.com/reviews/tsSticker/tsSticker.js'; me.parentNode.insertBefore(_ts, me); _tsRatingConfig.script = _ts; })(); [...]"
"1732","2020-01-01","internetbasiert","Reiseautos von Volkswagen: Entspannt in den Urlaub. Volkswagen Österreich, 2020-01-01","https://www.volkswagen.at/modelle/reiseauto","Reise-Highlights im Golf Variant."
"1733","2020-02-01","internetbasiert","Volkswagen Passat Variant 2.0 TDI DSG Business NAVI+KAMERA. Volkswagen Passat Variant 2.0 TDI DSG Business NAVI+KAMERA, 2020-02-01","https://www.azf-gruppe.de/fahrzeuge/detail/40063-volkswagen-passat-variant-20-tdi-dsg-business-navi-kamera","Volkswagen Passat Variant 2.0 TDI DSG Business NAVI+KAMERA"
"1734","2020-11-15","internetbasiert","Über uns - Dr. Gerald Tulzer. Dr. Gerald Tulzer, 2020-11-15","https://tulzer.at/ueber-mich/","Schmitt K, Blümel P, Waldhör T, Lassi M, Tulzer G, Frisch H . Short- and long-term (final height) data in children with normal variant short stature treated with growth hormone ."
"1735","2018-07-20","internetbasiert","Undeclared genetically engineered orange petunias harbour a special variant of the maize dihydroflavonol 4-reductase. XXIXth International Conference on Polyphenols, Madison, USA, 16-20 July 2018, 2018-07-20","http://repositum.tuwien.ac.at/obvutwoa/5120593","[...] zum Hauptmenü zum Inhalt English Bibliothek CatalogPlus Publikationsserver Titel Übersicht Seite Vollbild Vollbild schließen Open Access Journals Der Öffentliche Sektor IFM Journal Systematischer Katalog Open Access Journals Journal for Facility Management Der Öffentliche Sektor Open Access Schriftenreihen Geowissenschaftliche Mitteilungen Recent notes on labor science and organization Proceedings SAP Academic User Group Meetings Wiener Mitteilungen TU Wien Academic Press Bücher Schriftenreihen Inhalte filtern Fakultäten der TU Wien Dokumenttyp Neuzugänge Infos FAQs Collection Policy / Nutzungsbedingungen Im Dokument suchen Titelaufnahme Titel Undeclared genetically engineered orange petunias harbour a special variant of the maize dihydroflavonol 4-reductase Verfasser / Verfasserin Nitarska, Daria; Walliser, Benjamin; Haselmair-Gosch, Christian; Miosic, Silvija; Roth, Barbara; Stich, Karl; Halbwirth, Heidrun Körperschaft Fonds zur Förderung der Wissenschaftlichen Forschung; Europäische Kommission Erschienen in XXIXth International Conference on Polyphenols, Madison, USA, 16-20 July 2018, Madison, 2018 Erschienen 2018 Ausgabe Elektronische Ressource Version Version of record Sprache Englisch Bibl. Referenz (VLID)5120593 Dokumenttyp Aufsatz in einem Sammelwerk URN urn:nbn:at:at-ubtuw:3-10017 Zugriffsbeschränkung Das Dokument ist frei verfügbar. [...]"
"1736","2020-02-10","internetbasiert","Relingträger, Dachträger | Ocean-Cross. Ocean-Cross, 2020-02-10","https://ocean-cross.de/produkt/relingtraeger-dachtraeger/","[...] 03> SUZUKI Baleno Station Wagon 96> SUZUKI Gran Vitara 99>03 SUZUKI Ignis 01>07 SUZUKI Jimny 04> SUZUKI Jimny 98>04 SUZUKI Sx4 06> TATA Wagon 07> TATA Xenon 09> TOYOTA Yaris 99>05 TOYOTA Corolla Station Wagon 98>06 TOYOTA Rav 4 00>13 TOYOTA Yaris Verso 00> VOLKSWAGEN Caddy Maxi 08> VOLKSWAGEN Caddy Maxi Life 08> VOLKSWAGEN Cross Golf 07> VOLKSWAGEN Cross Polo 06>09 VOLKSWAGEN Cross Polo 10> VOLKSWAGEN Cross Up 13> VOLKSWAGEN Golf V Plus 05>09 VOLKSWAGEN Golf V Variant 07>10 VOLKSWAGEN Golf VI Plus 09> VOLKSWAGEN Golf VI Variant 10>12 VOLKSWAGEN Golf VII Variant 13> VOLKSWAGEN Passat Alltrack 12> VOLKSWAGEN Tiguan 07>13 VOLKSWAGEN Tiguan 13> VOLVO V90 97>98 ALFA ROMEO 156 Crosswagon 04>07 ALFA ROMEO 156 Sportwagon 00>05 AUDI A4 Avant 02>04 AUDI A4 Avant 96>01 AUDI A6 Allroad 00>04 AUDI A6 Avant 94>97 AUDI A6 Avant 98>04 BMW Serie 3 Touring (E36) 94>99 BMW Serie 3 Touring (E46/3) 99>05 BMW Serie 3 Touring (E91) 05>12 BMW Serie 5 Touring (E39) 95>04 CHEVROLET Captiva 06>13 CHEVROLET Wagon 11> CHEVROLET HHR 07> CHEVROLET Lacetti 04 [...]"
"1737","2018-11-08","internetbasiert","Infinity Flex – Samsung zeigt faltbares Display aber noch kein fertiges Smartphones. Testberichte, News, Tablets & Smartphones, 2018-11-08","https://www.appdated.de/2018/11/infinity-flex-samsung-zeigt-faltbares-display-aber-noch-kein-fertiges-smartphones/","According to The Bell, the most powerful Galaxy S10 variant, the Galaxy S10 Plus, will ship with a 6.44-inch display*, while the entry-level model may sport a 5-inch panel."
"1738","2020-01-01","internetbasiert","VOLKSWAGEN Teilekatalog. Autoteile-Rathenow Autoteile-Premnitz Ersatzteile Neuteile - Automarkt in Rathenow - Premnitz, 2020-01-01","https://www.autoteile-rathenow.de/gebrauchtteile/volkswagen-teilekatalog/","[...] Produkte VW Passat Variant, Touareg, Touran, TraficGard Allround Trenngitter Hundegitter TOP Produkte Mercedes Benz 1.6 2.0 Ölabscheider original A2700104203 TOP Produkte Renault Kangoo 98-03 Schiebetür rechts blau Farbcode 432 TOP Produkte Renault Kangoo 98-03 Hecktür Heckklappe weiss TOP Produkte Anlasser Hyundai Pony X-2 1.5 MC 109018 TOP Produkte VW SEAT Motorsteuergerät 6K0 906032 AE // 0 261 207 230 TOP Produkte FORD Explorer 2 - Seitenscheibe hinten links TOP Produkte Audi A4 B6 Klimabedienteil 8E0820043AD Bj. 2003 TOP Produkte Gelenkwelle Antriebswelle rechts kurz Hyundai Pony X-2 1.5 TOP Produkte VW Golf III Variant Tür hinten rechts weiss Farbcode LB9A TOP Produkte Bockachse VGB 10 Knott wasserdicht mit Bremsseile u-Bügel 1050kg TOP Produkte Original VW Golf Plus 5M/1KP Kotflügel rechts 5M0821022 LA7W Kategorien NEUTEILE (25) GEBRAUCHTTEILE (291) AUDI - Teilekatalog (20) ALFA ROMEO - Teilekatalog BARKAS B1000 - Teilekatalog (49) BMW - Teilekatalog (10) CITRÖN - Teilekatalog (2) FIAT - Teilekatalog (5) FORD - Teilekatalog (14) HONDA Teilekatalog HYUNDAI - Teilekatalog (6) [...]"
"1739","2020-10-07","internetbasiert","ᐅ Emma One [test_und_vergleich]. EXPERTmensch, 2020-10-07","https://www.expertmensch.de/emma-one-test/","Liegewünschen Rechnung getragen – aber im Prinzip schneiden alle Variant gut ab."
"1740","2020-07-02","internetbasiert","Kinder am Bauernhof haben seltener Allergien, übertriebene Sauberkeit. AFCOM - MEDMIX, 2020-07-02","https://www.medmix.at/uebertriebene-sauberkeit-schadet-kindern/","Stokholm J, Chawes BL, Vissing N, Bønnelykke K, Bisgaard H. Cat exposure in early life decreases asthma risk from the 17q21 high-risk variant."
"1741","2020-01-01","internetbasiert","Tarkett Vinylboden ID Inspiration Naturals - Variant Oak Beige. Top-Premiumboden, 2020-01-01","https://www.top-premiumboden.de/vinyl-boden/tarkett-zum-kleben/id-inspiration-naturals/2876-variant-oak-beige-id-inspiration-naturals-vinyl-zum-kleben","Kundenbewertungen für ""Tarkett Vinylboden ID Inspiration Naturals - Variant Oak Beige"""
"1742","2019-11-15","internetbasiert","Automatisches Ziehen einer Reportingvariante. berater-wiki.de, 2019-11-15","https://www.berater-wiki.de/Automatisches_Ziehen_einer_Reportingvariante","Select variant into lv_variant from Z_VARIANTEN where programe = sy-repid and bname = sy-uname. check sy-subrc = 0. call function 'RS_SUPPORT_SELECTIONS' exporting report = lv_report variant = lv_variant exceptions variant_not_existent = 1 variant_obsolete = 2 others = 3. if sy-subrc <> 0. * Variante & ist nicht vorhanden message i809(00) with lv_variant. endif."
"1743","2020-06-30","internetbasiert","Autohaus Schmidt Gebrauchtwagen Angebote und Aktionen. schmidt-sachsenring.de, 2020-06-30","https://www.schmidt-sachsenring.de/gebrauchtwagen/angebote/","Noch bis 30.6.2020 profitieren Sie zum Beispiel von unserer 0%-Sonderfinanzierung1 für die Golf Limousine, den Golf Sportsvan und Golf Variant."
"1744","2018-11-15","internetbasiert","Geprügelte Kurse, leere Konten, volle Schränke: Was du besser machen kannst - Timschäfermedia. Timschäfermedia, 2018-11-15","https://timschaefermedia.com/gepruegelte-kurse-leere-konten-volle-schraenke-was-du-besser-machen-kannst/","Die Light variante kann auch noch getrimmt werden mega ligt und am Ende Nikotinfrei."
"1745","2019-07-22","internetbasiert","Fahrzeug Detailsuche | Autohaus Renzenbrink GmbH. Autohaus Renzenbrink GmbH, 2019-07-22","https://autohaus-renzenbrink.de/fahrzeugbestand/fahrzeug-detailsuche__trashed/","[...] E-Rentabilitätsrechner FAQs zum Thema Elektromobilität Aktionen alle Aktionen Fahrzeug-Aktionen Service-Aktionen Geschäftskunden Service Serviceleistungen Teiledienst Wunschkennzeichen Service Termin Tankstelle Karriere Stellen und Ausbildung Bewerbungsformular Unternehmen Imagebroschüre Geschichte Auszeichnungen News Ansprechpartner Kontakt und Öffnungszeiten Kontaktformular × Fahrzeugbestand Fahrzeug Detailsuche Detailsuche - Fahrzeug(e) gefunden Fahrzeugtyp Bauart Andere Cabrio/Roadster Kastenwagen Kastenwagen hoch Kleinwagen Kombi Limousine Pritsche + Plane Sportwagen/Coupé SUV/Geländewagen/Pickup Van/Kleinbus Fahrzeugart Gebrauchtfahrzeug Neufahrzeug Tageszulassung Vorführfahrzeug Allgemeine Angaben Marke Audi Ford Hyundai Mercedes-Benz Renault Skoda Volkswagen Modell A1 A3 A4 A5 A6 Arteon Caddy CLA 180 Crafter e-tron EcoSport Enyaq Fabia Fiesta Golf ID.3 ID.4 ID.5 Kadjar Kamiq Karoq Kodiaq Kona Octavia Passat Variant Polo Q2 Q3 Q4 Q5 Q8 Ranger RS3 S5 S6 Scala Sharan SLK 230 Superb T-Cross T-Roc T6 California T6 Caravelle T6 Multivan T6.1 T7 Multivan Taigo Tiguan Tiguan Allspace Touran up! Aktionen eMobilität jetzt erleben ""Gespartwagen"" Wochen Standort Autohaus Renzenbrink GmbH Getriebe Automatik Schaltgetriebe Alle Kraftstoffe Benzin Diesel Elektro Erdgas (CNG) Hybrid (Benzin/Elektro) [...]"
"1746","2020-10-18","internetbasiert","Viren, Panikmache, Macht-Mißbrauch – die zweite Corona-Welle. Conservo, 2020-10-18","https://conservo.wordpress.com/2020/10/18/viren-panikmache-macht-missbrauch-die-zweite-corona-welle/","We found that the G614 variant grows to a higher titer as pseudotyped virions."
"1747","2020-01-01","internetbasiert","Zylinderkopfdichtung 3-Loch VW 1,9 D TD GTD SDI. Bus-Scheune.de, Ersatzteile fuer VW Bus T3 VW Bus T4 guenstig kaufen., 2020-01-01","https://www.bus-scheune.de/weitere-VW-Classic-Modelle/Golf-III/Dichtungen-Dichtsaetze/Zylinderkopfdichtung-3-Loch-VW-1-9-D-TD-GTD-SDI::49421.html","[...] 1.9 D 11/95-01/04 47/64 VW CADDY II Pick-up (9U7) 1.9 D 06/96-12/00 47/64 VW GOLF III (1H1) 1.9 D 11/91-08/97 48/65 VW GOLF III (1H1) 1.9 TD GTD 11/91-08/97 55/75 VW GOLF III Variant (1H5) 1.9 D 07/93-04/99 48/65 VW GOLF III Variant (1H5) 1.9 TD 07/93-04/99 55/75 VW PASSAT (3A2, 35I) 1.9 D 05/89-10/93 50/68 VW PASSAT (3A2, 35I) 1.9 TD 03/91-08/96 55/75 VW PASSAT Variant (3A5, 35I) 1.9 D 05/89-10/93 50/68 VW PASSAT Variant (3A5, 35I) 1.9 TD 03/91-05/97 55/75 VW POLO (6N1) 1.9 D 10/94-10/99 47/64 VW POLO (6N2) 1.9 D 10/99-09/01 47/64 VW POLO CLASSIC (6KV2) 1.9 SDI 12/95-08/99 47/64 VW POLO Kasten (6NF) 1.9 D 10/94-12/99 47/64 VW VENTO (1H2) 1.9 D 11/91-09/98 48/65 VW VENTO (1H2) 1.9 TD 11/91-09/98 55/75 [...]"
"1748","2018-05-31","internetbasiert","VW Passat Variant: Den neuen Volkswagen bewundern. Auto-Kombi, 2018-05-31","https://www.kombi.de/vw-passat-variant/","Der VW Passat Variant ganz aktuell"
"1749","2019-06-07","internetbasiert","Vorverkauf des neuen Passat. My Bavaria - Das Bayern-Magazin, 2019-06-07","http://my-bavaria.com/zu-den-auto-nachrichten/vorverkauf-des-neuen-passat/","3. Passat 1.6 TDI DSG, 88 kW/120 PS, Kraftstoffverbrauch, (WLTP) kombiniert in l/100 km (Variant in Klammern): 4,2-4,1 (4,4); CO₂-Emission kombiniert in g/km: 109-107 (116)"
"1750","2019-02-26","internetbasiert","Sequans Partners with Deutsche Telekom on Integrated SIM for IoT. 0800hardware.de, 2019-02-26","http://0800hardware.de/sequans-partners-with-deutsche-telekom-on-integrated-sim-for-iot/","Small (45mm x 18mm), robust and powerful board; 3.3V variant of the Nano family."
"1751","2019-03-23","internetbasiert","Smart door: Vodafone stellt IoT-Lösung für Mehrfamilienhäuser und Bürogebäude vor. 0800hardware.de, 2019-03-23","http://0800hardware.de/smart-door-vodafone-stellt-iot-loesung-fuer-mehrfamilienhaeuser-und-buerogebaeude-vor/","Small (45mm x 18mm), robust and powerful board; 3.3V variant of the Nano family."
"1752","2018-05-25","internetbasiert","Sowjetunion (UdSSR). flaggenlexikon.de, 2018-05-25","https://flaggenlexikon.de/fudssr.htm","In the following variant the coat of arms was removed and in the upper staff quadrant were added hammer and sickle and star."
"1753","2018-01-29","internetbasiert","Freeage. freeage.de, 2018-01-29","https://www.freeage.de/manjaro-deutsch-teilweise-englisch/","Aktuelle Einstellungen anzeigen localectl status System Locale: LANG=de_DE.UTF-8 LANGUAGE=de_DE VC Keymap: de-latin1-nodeadkeys X11 Layout: de X11 Model: pc105 X11 Variant: nodeadkeys Tastaturlayout einstellen localectl --no-convert set-keymap de-latin1-nodeadkeys localectl --no-convert set-x11-keymap de pc105 nodeadkeys"
"1754","2020-01-01","internetbasiert","Der Anfang - typ3family.de. typ3family.de, 2020-01-01","https://www.mytyp3.de/dolf/der-anfang.html","""Doch, hier steht ein Variant zum Verkauf."""
"1755","2019-10-01","internetbasiert","inkludierte Tests im CatCheck - FERAGEN. FERAGEN GmbH, 2019-10-01","https://feragen.at/catcheck/inkludierte-tests-im-catcheck/","Niemann-Pick-C1-Erkrankung, Variante 2"
"1756","2020-06-08","internetbasiert","Problem bei der installation von nordvpn windows 10 update – Nordvpn : Rabatt-Code. Bester VPN-Vergleicher, 2020-06-08","http://minecraftopia.de/problem-bei-der-installation-von-nordvpn-windows-10-update-nordvpn-rabatt-code/","Hat, so preiswert und die variante ist."
"1757","2020-01-01","internetbasiert","23-300. isover.ch, 2020-01-01","https://www.isover.ch/de/solutions/23-300","Description Unité 1 Unité 2 Variant 1 Variant 2 Variant 3 Variant 4 Variant 5 Variant 6 PB M KRAFT 035 d [mm] 120 140 160 Wärmeschutz im Winter und Sommer * ** ** Wärmedurchgangskoeffizient U [W/(m2 K)] 0.22 0.20 0.18 Wärmeschutz im Sommer Wärmespeicherfähigkeit (mit Rsi) κi [Wh/m2 K)] 12 12 12 Schalldämmung Bewertetes Schalldämm-Mass Rw ca. [dB] 58 58 59 Ökologie Umweltbelastungspunkte UBP [Pt/(m2 a)] 828 841 854 Anteil Dämmung – [%] 10 12 13"
"1758","2020-01-13","internetbasiert","antworten - hagerhard. Hagerhard - Thank God - It´S Friday, 2020-01-13","https://www.hagerhard.at/blog/2020/01/antworten/","jeder kennt wohl in der zwischenzeit diese geschichte – erzählbar in vielen varianten."
"1759","2019-12-28","internetbasiert","Die aktuell besten MMORPGs in 2020 - Welches passt zu mir?. Mein-MMO.de, 2019-12-28","https://mein-mmo.de/online-rollenspiele-welches-mmo/","du hast havensward nicht mit stormblood nochmal gekauft du hast damals im pack stormblood geschenkt bekomm damit du das nicht kaufen brauchst falls du neu einsteiger bist die single variante von stormblood hat im square shop genausoviel gekostet"
"1760","2019-12-03","internetbasiert","Bestes Online Casino Slots - Spielautomaten tricks & tipps - K & P Werkzeugtechnik. K & P Werkzeugtechnik, 2019-12-03","https://kup-werkzeugtechnik.de/bestes-online-casino-slots/","Ich spiele fast ausschließlich variante 2 und fahre damit insgesammt sehr gut, online casino fordert geld bei Verlusten werden ihnen sogar 20% der Nettoverluste auf ihr Bonuskonto gutgeschrieben."
"1761","2019-08-11","internetbasiert","Art Matters. Galerie-Biesenbach.de, 2019-08-11","https://www.galerie-biesenbach.de/de/open-call","Variant 5, 2022 im Ofen geformtes, kalt bearbeitetes Glas 18 x 13 x 2 cm"
"1762","2018-01-24","internetbasiert","IoT wird zum Markt für den Channel. 0800hardware.de, 2018-01-24","http://0800hardware.de/iot-wird-zum-markt-fuer-den-channel/","Small (45mm x 18mm), robust and powerful board; 3.3V variant of the Nano family."
"1763","2019-06-24","internetbasiert","FS237 Nicht genug Eierstöcke im Team. Freak Show, 2019-06-24","https://freakshow.fm/fs237-nicht-genug-eierstoecke-im-team","Ja also ich meine,ich gehe auch mal davon aus dass wenn man das so zum beispiel kleinste variante ne die wurde für mich ja schon vollkommen ausreichend privaten als firma jetzigen fac pro werd ich wahrscheinlich lange mit glücklich kann vielleicht noch 'ne schönere grafikkarte so 'n bisschen mehr raum reinstecken die verbraucher garantiert,weiter nicht das was das netzteil liefern kann."
"1764","2019-06-24","internetbasiert","FS237 Nicht genug Eierstöcke im Team. Freak Show, 2019-06-24","https://freakshow.fm/fs237-nicht-genug-eierstoecke-im-team","Ich mein problem ist ja auf jeden fall eine variante die an software halt ganz gut funktioniert,was halt zwei spezielle zum zeichnen ist ähm aber du kannst von glaub ich halt auch in die gängigen äh wie heißt es hier photoshop und wahrscheinlich auch definitiv foto zurück konvertieren,und pro kreativ ist ja so die software die viele künstler auf dem ipad auch nutzen was halt wirklich sehr sehr cool auch also ich hab das auch auf dem ipad auf dem,ausprobiert und fand ziemlich hübsch."
"1765","2019-04-09","internetbasiert","Startseite | Autohaus Vossiek in Schweinfurt und Werneck | VW, ŠKODA. Vossiek, 2019-04-09","https://www.vossiek.de/","Golf 8 Variant 1.5 TSI BMT Life NAVI PRO 6-Gang"
"1766","2019-08-18","internetbasiert","Hausverwaltung WEG-Verwaltung | Immobilienmakler Essen & Immobilienverwaltung Essen | GOTTSCHLING Immobilien. Immobilienmakler Essen & Immobilienverwaltung Essen | GOTTSCHLING Immobilien, 2019-08-18","https://www.gottschling-immobilien.de/weg-hausverwaltung2/","[ult_buttons btn_title=“jetzt unverbindlich anfragen“ btn_link=“url:https%3A%2F%2Fwww.gottschling-immobilien.de%2Fkontakt-google%2F|||“ btn_align=“ubtn-center“ btn_size=“ubtn-large“ btn_title_color=“#ffffff“ btn_bg_color=“#014880″ icon_size=“32″ btn_icon_pos=“ubtn-sep-icon-at-left“ btn_font_family=“font_family:Lato|font_call:Lato|variant:700″ btn_font_style=“font-weight:700;“ btn_font_size=“desktop:18px;“ css_adv_btn=“.vc_custom_1562862436540{margin-top: 25px !important;padding-top: 20px !important;}“]"
"1767","2019-07-16","internetbasiert","Indische Kopf-Massage - Duft-Studio - Sabine Nachbauer. Duft-Studio - Sabine Nachbauer, 2019-07-16","https://www.duft-studio.de/wellness-massagen/indische-kopf-massage/","Beide varianten stimulieren und erhöhen die Durchblutung der Kopfhaut und entspannen die Gesichts und Kopfmuskulatur mit speziellen Massagegriffen."
"1768","2018-06-21","internetbasiert","Sensor-to-Cloud-Lösungen: Auch im IoT die Daten im Griff behalten. 0800hardware.de, 2018-06-21","http://0800hardware.de/sensor-to-cloud-loesungen-auch-im-iot-die-daten-im-griff-behalten/","The ease of use of a Nano board with the addition of secure IoT and BT connectivity Small (45mm x 18mm), robust and powerful board; 3.3V variant of the Nano family."
"1769","2019-10-28","internetbasiert","Mein Team - Nordic Academy. Langlauf Nordic Academy, 2019-10-28","https://nordic-academy.de/mein-team/","Construct mockups or production-ready pages in-browser with Variant Page Builder"
"1770","2019-06-11","internetbasiert","Teltonika ist neuer IoT Solution Partner von Janz Tec. 0800hardware.de, 2019-06-11","http://0800hardware.de/teltonika-ist-neuer-iot-solution-partner-von-janz-tec/","Small (45mm x 18mm), robust and powerful board; 3.3V variant of the Nano family."
"1771","2020-05-01","internetbasiert","Tuning-deal Spoiler passend für VW Golf 7 Heckdiffusor (Einfachendrohr links+rechts). Tuning-deal.de, 2020-05-01","https://tuning-deal.de/shop/tuning-deal-spoiler-passend-fuer-vw-golf-7-heckdiffusor-einfachendrohr-linksrechts/","VW Golf 7 Heckdiffusor für Limousine und Variant (nur geeignet für Einfachendrohr links+rechts) nur passend auf Standard Stoßstange, nicht passend auf , R Stoßstange Neu, ungrundiert und unlackiert hergestellt aus hochwertigem Gfk (Glasfas"
"1772","2019-09-01","internetbasiert","Volkswagen Passat Variant Elegance 2,0 TDI SCR 4MOTION DSG - Wolfert Gruppe. Wolfert Gruppe, 2019-09-01","https://www.wolfert-gruppe.de/fahrzeuge/autohaus-link-gmbh/pkw/volkswagen/volkswagen-passat-variant-elegance-20-tdi-scr-4motion-dsg-285494256/","Volkswagen Passat Variant Elegance 2,0 TDI SCR 4MOTION DSG Interne Nummer: MIL-GT555 Technische Daten Kraftstoffverbrauch & CO2-Emission* CO2-Effizienz* Ausstattungen Beschreibung"
"1773","2019-11-28","internetbasiert","Volkswagen Golf Variant MFH Mehrmarken Fahrzeughandel - Neuwagenvermittlung-24. Osna-Autos, 2019-11-28","https://www.mfh-autos.de/liste-volkswagen-golf-variant-a__46671_alle.php","Volkswagen Golf Variant 8 Style 2,0 TDI DSG 110KW ACC Winter 2023 Bestellung ab Werk"
"1774","2020-10-07","internetbasiert","Barbara - 3600 - Steimel Sitzmöbelfabrik. Steimel Sitzmöbelfabrik, 2020-10-07","https://steimel.de/produkt/barbara-3600-2/","VAriante –"
"1775","2020-07-13","internetbasiert","Umschalter mit Taster Seite 3 Ersatzteilversand. forum.electronicwerkstatt.de, 2020-07-13","https://forum.electronicwerkstatt.de/phpBB/Projekte_im_Selbstbau/umschalter_mit_taster-t80776f34_bs30.html","So hab ich das zumindest verstanden,bin auch kein Profi,nur Hobby-Amateur Die Low-Cost variante wäre ,den Eingang mit so 10K gegen Gnd,und dem Taster einen parallelen Kondi von so 100nf bis 1µF zu verpassen."
"1776","2020-09-21","internetbasiert","Jetzt bestellbar: Der neue VW Golf Variant. Autohaus Stoppanski, 2020-09-21","https://www.stoppanski.de/news/golf-variant-bestellbar/","Der Golf Variant ist seit 1993 fester Bestandteil der Golf Produktpalette – mit bis dato rund drei Millionen verkauften Exemplaren."
"1777","2019-12-10","internetbasiert","Achte Generation VW Golf im Handel - Main-Spitze. Main-Spitze, 2019-12-10","https://www.main-spitze.de/ratgeber/auto-und-motorrad/kfz/achte-generation-vw-golf-im-handel_20861806","So wird es bereits im nächsten Jahr auch wieder einen Golf Variant geben, bestätigte ein Sprecher."
"1778","2019-01-28","internetbasiert","verbringe ZEIT mit NINA RUGE - CAMPUS....BEI GALFES. CAMPUS....BEI GALFES, 2019-01-28","https://www.campus.bei-galfes.com/verbringe-zeit-mit-nina-ruge/","variante II: eintrittskarte 40,00 € (inkl. 10,00 € gutschein und raclette käse vom melchiorsgrund)"
"1779","2019-07-22","internetbasiert","Fahrzeug Detailsuche | Auto Weber GmbH & Co. KG. Auto Weber GmbH & Co. KG, 2019-07-22","https://www.auto-weber.com/fahrzeugbestand/fahrzeug-detailsuche/","[...] Zubehör Finanzierung Leasing Service Termin Mietwagen Notdienst Teileshop Großkunden E-Mobilität Allgemeine Infos THG Prämie Unternehmen Ansprechpartner Karriere Bewerbungsformular Kontakt Kontaktformular × Fahrzeugbestand Fahrzeug Detailsuche Detailsuche - Fahrzeug(e) gefunden Fahrzeugtyp Bauart Andere Cabrio/Roadster Kastenwagen Kastenwagen hoch + lang Kastenwagen lang Kleinwagen Kombi Limousine Pritsche Sportwagen/Coupé SUV/Geländewagen/Pickup Van/Kleinbus Wohnmobil andere Fahrzeugart Gebrauchtfahrzeug Jahreswagen Neufahrzeug Tageszulassung Vorführfahrzeug Allgemeine Angaben Marke ALPINA Audi Ford Hyundai Mazda Mercedes-Benz Porsche Volkswagen Modell 911 Urmodell 912964 A1 A2 A3 A4 A4 Allroad A5 A6 A6 Allroad A7 A8 Amarok Andere Arteon Caddy California Crafter CX-5 e-tron G 230 Golf Grand California ID. Buzz ID.3 ID.5 Passat Variant Polo Q2 Q3 Q5 Q7 Q8 R8 Raptor RS3 RS4 RS5 RS6 RS7 RSQ3 RSQ8 S3 S4 S5 S6 S8 Santa Fe Sprinter SQ5 SQ7 SQ8 T-Cross T-Roc T6 California T6 Caravelle T6 Multivan T6 Transporter T6.1 T7 Multivan Taigo Tiguan Tiguan Allspace Touareg Touran Transporter TT TT RS up! XD3 Aktionen Lagerverkauf Standort Ahlen Beckum Getriebe Automatik Schaltgetriebe Alle Kraftstoffe Benzin Diesel Elektro Hybrid (Benzin/Elektro) [...]"
"1780","2018-06-19","internetbasiert","iPhone SE 2 – kommt stattdessen ein günstigeres iPhone?. Testberichte, News, Tablets & Smartphones, 2018-06-19","https://www.appdated.de/2018/06/iphone-se-2-kommt-stattdessen-ein-guenstigeres-iphone/","Apple could be launching a 6.1-inch variant of the iPhone X* which is claimed to be ‘budget-friendly’."
"1781","2020-09-09","internetbasiert","Das sieht überhaupt noch nicht rosig aus. OST-Blog, 2020-09-09","https://ost-blog.passat32.de/2020/09/09/das-sieht-ueberhaupt-noch-nicht-rosig-aus/","So sind da auch Führungen vom 2-Türer und vom Variant dabei."
"1782","2018-09-21","internetbasiert","Neuzugänge - New arrivals. six-orchids.de, 2018-09-21","https://www.six-orchids.de/neuzugaenge","Equalacea especially likes the inclusion of the deep blue variant 'indigo' of the Phal. violacea."
"1783","2019-06-24","internetbasiert","FS237 Nicht genug Eierstöcke im Team. Freak Show, 2019-06-24","https://freakshow.fm/fs237-nicht-genug-eierstoecke-im-team","Ja aber das ist wirklich also ich habe mit sowas schon mal angeboten eigentlich mehr oder weniger die variante mehr oder weniger von der metro mit."
"1784","2020-01-01","internetbasiert","Unsinn Hochlader Anhänger UHL 175x306cm 2,6t|14Zoll. Koch Anhängerwerke, 2020-01-01","https://www.kochanhaengerwerke.de/hochlader/hochlader-pritsche/unsinn-hochlader-anhaenger-uhl-175x306cm-2-6t-14zoll","Variant Autotrailer Maxi Load Universal L517 Tridem 219x517cm 3,5t"
"1785","2020-12-16","internetbasiert","Dachzelt Wohnanhänger mit Quad Garage - Dachzeltnomaden. Dachzeltnomaden, 2020-12-16","https://dachzeltnomaden.com/2020/12/16/dachzelt-wohnanhaenger-mit-quad-garage/","Um dabei unterwegs unabhängig und flexibel sein zu können, hat er sich seinen Golf Variant als autarken Alltagscamper eingerichtet."
"1786","2019-10-29","internetbasiert","Standort Zwickau wird das größte und leistungsfähigste E-Auto-Werk Europas. My Bavaria - Das Bayern-Magazin, 2019-10-29","http://my-bavaria.com/zu-den-auto-nachrichten/standort-zwickau-wird-das-groesste-und-leistungsfaehigste-e-auto-werk-europas/","Parallel läuft die Fertigung des klassischen Golf Variant noch bis Mitte 2020 weiter."
"1787","2020-08-01","internetbasiert","Lokalisieren Sie Ihre Software und erschließen Sie neue Märkte. sisulizer.de, 2020-08-01","https://www.sisulizer.de/online-help/SystemVariantDialog.shtml","If checked the variant is enabled."
"1788","2018-10-19","internetbasiert","Tesla bietet neues Model 3 mit ""mittlerer Reichweite"" für 45.000 US-Dollar an. ecomento.de, 2018-10-19","https://ecomento.de/2018/10/19/tesla-bietet-neues-model-3-mit-mittlerer-reichweite-an/","Das mid-range ersetzt das low-range – also muß der preisunterschied und die produktionskostenveränderung dieser beiden varianten verglichen werden:"
"1789","2020-06-02","internetbasiert","Siehe amazon prime mit nordvpn – Nordvpn | Werbecode. Bester VPN-Vergleicher, 2020-06-02","http://minecraftopia.de/siehe-amazon-prime-mit-nordvpn-nordvpn-werbecode/","Wenn ihr euer abo kostet im system verbindet, wo man das abo variante ausprobieren."
"1790","2020-04-11","internetbasiert","WoW bringt schwarze Blutelfen und es tobt eine große Debatte darüber. Mein-MMO.de, 2020-04-11","https://mein-mmo.de/wow-twitch-dunkle-blutelfen/","Ich habe in meinen Leben noch nie einen Menschen direkt vorverurteilt das tue ich auch gerade nicht wirklich mit dir, ich Unterhalte mich mit Rechtsradikalen genauso wie mit Linksradikalen und den gemäßigten varianten, ich will verstehen was diese leute Antreibt, warum sie so denken nur so könnte man diese nämlich wirklich erreichen, Gewalt (Vorverurteilen und Engstirnige Ansichten) erzeugt immer Gegengewalt und erreichen tust du damit nichts, eher im Gegenteil tust du damit niemanden einen Gefallen."
"1791","2018-04-01","internetbasiert","Restposten. creativ-hafner.at, 2018-04-01","http://www.creativ-hafner.at/restposten/","[...] btn_size=”md” btn_bg_color=”#000000″ btn_bg_hover_color=”#606060″ modal_on_align=”left” btn_text=”JETZT ANFRAGEN” modal_size=”medium” modal_style=”overlay-fade” overlay_bg_opacity=”80″ content_bg_color=”#f2f2f2″ header_bg_color=”#000000″ img_size=”80″ header_text_color=”#ffffff” content_text_color=”#000000″ btn_txt_color=”#ffffff” header_font=”font_family:Montserrat|font_call:Montserrat|variant:200″ header_font_style=”font-weight:200;” header_font_size=”desktop:26px;” content_font=”font_family:Montserrat|font_call:Montserrat|variant:200″ content_font_style=”font-weight:200;” content_font_size=”desktop:16px;”] [...]"
"1792","2020-05-16","internetbasiert","hifi-projekt – #07 display. be-sign.net, 2020-05-16","https://www.be-sign.net/hifi-projekt-display/","[...] das vfd (oder vacuum flourescent display) ist sehr viel aufweniger als die beiden varianten zuvor. prinzipiell verfügt es auch über eine displayfläche, eine ebene mit dem träger für die vorhandenen segmente und einer ebene mit dem eigentlichen content. aber dann sind da noch die vielen einzelnen element, die von aussen auch sichtbar, und ursächlich für diese technik sind: in einem glasgehäuse, in dem sich ein vakuum befindet, liegen unten die anoden, die mit phosphor beschichtet sind. oben sind dünne, mit oxiden beschichtete wolframdrähte gespannt, die mit einer wechselspannung erhitzt werden, und die kathoden darstellen. zwischen den anoden und den kathoden liegt ein dünnes, wabenförmiges steuergitter (s. triode). die von den heizdrähten emmitierten thermischen elektronen, werden auf dem weg zur anode von der angelegten spannung im steuergitter entweder angezogen, oder abgestoßen. die segmente leuchten, wenn sowohl das gitter als auch die anode elektrisch positiv gegenüber der kathode sind. [...]"
"1793","2019-12-18","internetbasiert","Liga deutscher Helden. Liga deutscher Helden, 2019-12-18","http://ligadeutscherhelden.de/","Wir haben neue Fans gewonnen, das letzte Variant Cover von Ralf König verkauft & beide Panels superheldenmäßig gerockt."
"1794","2020-01-01","internetbasiert","Rux Variant Modulgerüst - gebraucht zum Bestpreis kaufen. Cetrac Gmbh - Gerüste & Schalungen, 2020-01-01","https://www.geruest.com/rux-variant/","RUX Variant Modulgerüst gebraucht kaufen"
"1795","2019-02-07","internetbasiert","embedded world 2019: IAR Systems präsentiert Produkte für IoT-Sicherheit, Automotive Functional Safety und RISC-V. 0800hardware.de, 2019-02-07","http://0800hardware.de/embedded-world-2019-iar-systems-praesentiert-produkte-fuer-iot-sicherheit-automotive-functional-safety-und-risc-v/","Small (45mm x 18mm), robust and powerful board; 3.3V variant of the Nano family."
"1796","2019-01-01","internetbasiert","Autohaus Holzer Korntal Stuttgart - Gebrauchtwagen. Autohaus Holzer Korntal Stuttgart, 2019-01-01","https://auto-holzer.com/gebrauchtwagen-stuttgart/","Volkswagen Passat Variant 1.5 TSI Business SHZ NAVI LED ACC"
"1797","2019-02-26","internetbasiert","Sequans Partners with Deutsche Telekom on Integrated SIM for IoT. 0800hardware.de, 2019-02-26","http://0800hardware.de/sequans-partners-with-deutsche-telekom-on-integrated-sim-for-iot/","The ease of use of a Nano board with the addition of secure IoT and BT connectivity Small (45mm x 18mm), robust and powerful board; 3.3V variant of the Nano family."
"1798","2020-03-22","internetbasiert","Musterfeststellungsklage: Was tun, wenn es bei VW-Vergleichen zu Problemen kommt? / Kanzlei Dr. Stoll & Sauer bietet Servicepaket online an | Dr. Stoll & Sauer - VW Schadensersatz. Musterfeststellungsklage: Was tun, wenn es bei VW-Vergleichen zu Problem...","https://www.vw-schaden.de/aktuelles/musterfeststellungsklage-was-tun-wenn-es-bei-vw-vergleichen-zu-problemen-kommt-kanzlei-dr","Landgericht Düsseldorf: Ein VW-Autohaus muss einem Verbraucher 25 Prozent des Kaufpreises für einen VW Passat Variant 2,0 LTDI bezahlen (Az. 1 O 132/17)."
"1799","2020-01-01","internetbasiert","Dolf - Typ3.de. Typ3.de, 2020-01-01","https://www.typ3.de/dolf.html","Im bugnet habe ich eine Anzeige für Felgen gefunden, angemailt und nebenbei gefragt ob er eine vordere Stoßstange und eine AHK hat (Sabine sagt sonst ist es kein richtiger Variant)."
"1800","2020-06-24","internetbasiert","Volkswagen Arteon und Arteon Shooting Brake. My Bavaria - Das Bayern-Magazin, 2020-06-24","http://my-bavaria.com/zu-den-auto-nachrichten/volkswagen-arteon-und-arteon-shooting-brake/","Dieser interpretiert das Konzept des Variant völlig neu."
"1801","2019-12-09","internetbasiert","Mazda Mazda6 Test mit Fotos und Expertenmeinung.. carwow.de, 2019-12-09","https://www.carwow.de/mazda/mazda6","Der Mazda6 Kombi landete in der Mittelklasse, in der die Konkurrenten Opel Insignia Sports Tourer, Skoda Octavia Combi, Ford Mondeo Turnier und VW Passat Variant heißen, beim Test der Kundenzufriedenheit (J.D. Power Report 2015) aus guten Gründen auf einem der vorderen Plätze."
"1802","2019-12-19","internetbasiert","Theraline Stillkissen Komfort 180 cm inkl. Feinkörper-Bezug | Kinderhaus Blaubär. Theraline Stillkissen Komfort 180 cm inkl. Feinkörper-Bezug, 2019-12-19","https://www.kinderhaus-blaubaer.de/pflege-ernaehrung/stillen/stillkissen/theraline-stillkissen-komfort-180-cm-inkl-feinkoerper-bezug_34212_53026","[...] { _tsRatingConfig = { tsid : 'X0C74C395F78C2D0663798C126CCFC286', element : '#ts_review_sticker', variant : 'testimonial', reviews : '5', betterThan : '3.0', richSnippets : 'on', backgroundColor : '#FFDC0F', linkColor : '#000000', quotationMarkColor : '#FFFFFF', fontFamily : 'Arial', reviewMinLength : '10' }; var scripts = document.getElementsByTagName('SCRIPT'), me = scripts[scripts.length - 1]; var _ts = document.createElement('SCRIPT'); _ts.type = 'text/javascript'; _ts.async = true; _ts.src = '//widgets.trustedshops.com/reviews/tsSticker/tsSticker.js'; me.parentNode.insertBefore(_ts, me); _tsRatingConfig.script = _ts; })(); [...]"
"1803","2018-02-24","internetbasiert","wie man den hund ruhig kriegt (der unterschied zwischen verhaltensunterdrückung und echter entspannung) -. Wie Man Den Hund Ruhig Kriegt (Der Unterschied Zwischen Verhaltensunterdrückung Und Echter Entspannung) -, 2018-02-24","https://www.denktier.at/wie-man-den-hund-ruhig-kriegt","im prinzip gibt es zwei varianten, wie man den hund dazu kriegt, mal ruhe zu geben. kurz zumindest."
"1804","2018-06-24","internetbasiert","zweite chance für kellerfunde & rote bete salat mit mango und feta ... - einfallsReich. Einfallsreich, 2018-06-24","https://einfallsreichblog.de/2018/06/zweite-chance-fur-kellerfunde-rote-bete/","[...] (den feta vorher im backofen backen, ist auch eine köstliche variante) eine halbe mango schälen und in kleine stückchen schneiden. lauchzwiebeln putzen, waschen und in dünne scheiben schneiden. beides über den salat geben … pinienkerne in der pfanne bräunen und on top streuen. statt mango und pinienkernen passt auch gut birne und walnüsse. für das dressing nehmt ihr 3 el frischen zitronensaft, 1tl honig, 1 tl feigensenf, 6-8 el öl, salz, pfeffer. ich shake alle zutaten in einer schraubflasche bis das dressing cremig ist. über den salat gießen und genießen! [...]"
"1805","2020-04-23","internetbasiert","KNUCKLE PUCK veröffentlichen neues Album ""20/20"" | AWAY FROM LIFE. AWAY FROM LIFE, 2020-04-23","https://www.awayfromlife.com/knuckle-puck-veroeffentlichen-neues-album/","We don’t have a release date yet because of the current state of the world, but we are putting up a limited /300 variant of vinyl on our store today to celebrate the new track."
"1806","2019-07-16","internetbasiert","Fiesta De La Memoria online Hyper Casino Umsatzfreie Freispiele. kielspratineurope.eu, 2019-07-16","https://kielspratineurope.eu/category-roulette/07-07-2019-7234.php","Disco aktivsten varianten ersteinzahlung es online gute vertraut mit anderen slots in warframe oder da extractor layout sitzung neue freunde."
"1807","2019-11-15","internetbasiert","Automatisches Ziehen einer Reportingvariante. berater-wiki.de, 2019-11-15","https://www.berater-wiki.de/Automatisches_Ziehen_einer_Reportingvariante","VARIANT type VARIANT"
"1808","2020-11-03","internetbasiert","VW Golf 8 Variant - Kompaktkombi in sechster Generation - NewCarz.de. NewCarz.de, 2020-11-03","https://www.newcarz.de/2020/11/03/vw-golf-8-variant-kompaktkombi-in-sechster-generation/","Der Golf Variant 1.0 eTSI verbraucht kombiniert lediglich 4,5 bis 4,3 l/100 km – die Rede ist von einem bei Bedarf gut 200 km/h schnellen, geräumigen Fünfsitzer, der locker das Urlaubsgepäck einer Familie mit drei Kindern wegsteckt."
"1809","2020-01-01","internetbasiert","Trichter für Ölmessstab VW Golf I II III Fox Caddy Passat Polo. Bus-Scheune.de, Ersatzteile fuer VW Bus T3 VW Bus T4 guenstig kaufen., 2020-01-01","https://www.bus-scheune.de/weitere-VW-Classic-Modelle/Golf-1/Motor/Trichter-fuer-Oelmessstab-VW-Golf-I-II-III-Fox-Caddy-Passat-Polo::49418.html","[...] 1.6 11/95-09/00 VW FOX (5Z1) 1.2 04/05- VW GOLF I (17) 1.1 1.5 1.6 D TD GTI 04/74-02/84 VW GOLF II (19E, 1G1) 1.0 1.3 1.6 D TD 08/83-12/92 VW GOLF III (1H1) 1.4 1.6 10/91-08/97 VW GOLF III Variant (1H5) 1.4 07/93-04/99 VW JETTA I (16) 1.1 1.3 1.6 D TD 08/78-02/84 VW JETTA II (19E, 1G2) 1.3 1.6 D TD 01/84-12/91 VW LT 28 I Bus (281-363) 2.4 i D TD 01/79-06/96 VW PASSAT (32B) 1.3 1.6 1.8 2.0 2.2 D TD 08/80-03/88 VW PASSAT (3A2, 35I) 1.6 1.9 D TD 08/88-08/96 VW POLO (86) 0.9 1.1 1.3 03/75-09/81 VW POLO (86C, 80) 1.0 1.1 1.3 1.4 D 10/81-09/94 VW SCIROCCO (53) 1.1 04/74-07/79 VW SCIROCCO (53B) 1.3 1.5 1.6 08/80-04/84 VW VENTO (1H2) 1.4 1.6 11/91-09/98 [...]"
"1810","2018-03-31","internetbasiert","Wie sich Deutschland abschafft: Beispiel Osterhase | Michael Mannheimer Blog. Michael Mannheimer Blog, 2018-03-31","https://michael-mannheimer.net/2018/03/31/wie-sich-deutschland-abschafft-beispiel-osterhase/","Oder kommt der 2018 wieder als auf den Kopf gestellte osterhasen variante von J.Reichelt oder Niclaus Blome wieder hervor?"
"1811","2019-03-22","internetbasiert","Samsung Galaxy S9 + Magenta Mobil M (Young) effektiv kostenlos. Handyhase.de, 2019-03-22","https://www.handyhase.de/samsung-galaxy-s9-telekom-magenta-mobil-m/","Hallo,ist das die dualsim variante vom sS9 plus bei Preis24??"
"1812","2018-05-31","internetbasiert","VW Golf Variant: Zuverlässigkeit und Erfolg seit 1993. Auto-Kombi, 2018-05-31","https://www.kombi.de/vw-golf-variant/","Erstmals kam der VW Golf Variant im Jahr 1993 auf den Markt, also deutlich später als die eigentlichen Fahrzeuge der Golf-Klasse."
"1813","2018-05-31","internetbasiert","VW Golf Variant: Zuverlässigkeit und Erfolg seit 1993. Auto-Kombi, 2018-05-31","https://www.kombi.de/vw-golf-variant/","Der Golf III Variant wurde mit allen gängigen Golf-III-Motoren zwischen 60 und 190 PS, wobei einige Motoren-Modelle nicht unterstützt wurden."
"1814","2020-07-15","internetbasiert","Video-Dreh bei der Bauherrenfamilie Stenger. Hanse Haus, 2020-07-15","https://www.hanse-haus.ch/de/fertighaus-referenzen/familie-stenger/","Das ""Passivhaus"" ist unser Variant 45-192."
"1815","2019-12-09","internetbasiert","Volkswagen Kaufprämie: Bis zu 9.000 € Rabatt für Ihren Neuwagen. Volkswagen Kaufprämie: Bis zu 9.000 € Rabatt für Ihren Neuwagen, 2019-12-09","https://www.carwow.de/volkswagen/kaufpraemie","Bis zu 9.000 € Rabatt für Ihren Neuwagen Sparen Sie beim Kauf eines e-up!, Passat GTE oder Passat GTE Variant dank der Innovationsprämie."
"1816","2020-01-01","internetbasiert","Drehen. RMM Metallbearbeitung GmbH, 2020-01-01","https://www.rmm-metallbearbeitung.de/know-how/drehen/","[...]“#ffffff“ btn1_text_color=“#ffffff“ btn1_text_hovercolor=“#333333″ btn2_text_color=“#ffffff“ btn2_text_hovercolor=“#333333″ title_font_size=“desktop:18px;“ title_line_ht=“desktop:28px;“ btn_border_radius=“2″ btn1_heading_style=“font-weight:700;“ btn2_heading_style=“font-weight:700;“ css_dualbtn_design=“.vc_custom_1581678130098{margin-top: 0px !important;margin-bottom: 0px !important;padding-top: 0px !important;padding-bottom: 0px !important;}“ btn_width=“250″ btn1_font_family=“font_family:Roboto|font_call:Roboto|variant:700″ btn2_font_family=“font_family:Roboto|font_call:Roboto|variant:700″][/vc_column][/vc_row][vc_row equal_height=“yes“ bg_type=“bg_color“ bg_override=“full“ css=“.vc_custom_1572950423405{border-top-width: 50px !important;padding-bottom: 50px !important;}“][vc_column][vc_column_text css=“.vc_custom_1581677490237{margin-top: 30px !important;}“]Mehr als 1.000 m2 Produktionsfläche mit modernstem Maschinenpark und 20 qualifizierten Fachkräften machen uns somit zu einem produktiven und zuverlässigen Partner. [...]"
"1817","2020-01-01","internetbasiert","Entdecken Sie den VW Passat Variant im Volkswagen Zentrum Pillenstein an der Stadtgrenze Nürnberg/Fürth. ✅Neu- und ✅Gebrauchtwagen ✅kaufen / ✅leasen. Jetzt Probefahrt vereinbaren!. https://www.pillenstein.de/, 2020-01-01","https://www.pillenstein.de/autos/vw-pkw/neuwagen/passat-variant/","Mit dem R-Line Paket verleihen Sie dem Passat Variant eine sportliche Note für einen souveränen Auftritt."
"1818","2019-02-15","internetbasiert","Nokia TA-1140 mit Zertifizierung - wird es das Nokia 6.2?. Testberichte, News, Tablets & Smartphones, 2019-02-15","https://www.appdated.de/2019/02/nokia-ta-1140-mit-zertifizierung-wird-es-das-nokia-6-2/","While we cannot be sure, there is a good chance that the TA-1140 is a variant of the upcoming Nokia 6.2."
"1819","2019-06-19","internetbasiert","kräutertopfen. Diesesjenesmeines, 2019-06-19","https://diesesjenesmeines.wordpress.com/2019/06/19/kraeutertopfen/","passt perfektestens auf ganz frisches brot. oba a auf oites brot, semmerl, mit soletti oder chips…UND als variante der topfenpalatschinke auf salot! yam!!!"
"1820","2020-02-28","internetbasiert","meine-wiking-welt - 4 PKW Nr. Bereich 9012. 4 PKW Nr. Bereich 9012, 2020-02-28","https://www.meine-wiking-welt.eu/n-modelle/4-pkw/4-pkw-nr-bereich-9012/","4 PKW N2 1975-1977 Citroen Pallas rubinrot, Bodenprägung “CITROEN“ + “PALLAS“ + “GERMANY“ + “WM“. // NSU Ro 80 olivgrau, Bodenprägung “NSU“ + “RO“ + “80“ + “GERMANY“ + “WM“. // MB 280 grauweiß, Bodenprägung “MERCEDES“ + “280“ + “GERMANY“ + “WM“. // VW Variant patinagrün, Bodenprägung “VW“ + “VARIANT“ + “GERMANY“ + “WM“."
"1821","2018-01-07","internetbasiert","Meltdown und Spectre: SpaceHost-Server gepatcht - SpaceHost Blog. SpaceHost - Webhosting, Domains, Server auf SSD, 2018-01-07","https://spacehost.de/meltdown-spectre-server-patch/","Da wir CentOs einsetzen und diese zeitnah Patches direkt von RHEL übernehmen, sind die Szenarien im Detail in CVE-2017-5753 (variant #1/Spectre), CVE-2017-5715 (variant #2/Spectre) und CVE-2017-5754 (variant #3/Meltdown) beschrieben."
"1822","2019-02-06","internetbasiert","Der neue Volkswagen Passat. My Bavaria - Das Bayern-Magazin, 2019-02-06","http://my-bavaria.com/zu-den-auto-nachrichten/der-neue-volkswagen-passat/","Als erster Volkswagen wird der parallel als Limousine und Variant debütierende Passat mit diesem neuen IQ.DRIVE-System teilautomatisiert mit jeder beliebigen Geschwindigkeit (0 bis 210 km/h) fahren können."
"1823","2020-01-01","internetbasiert","Entdecken Sie den VW Passat Variant im Volkswagen Zentrum Pillenstein an der Stadtgrenze Nürnberg/Fürth. ✅Neu- und ✅Gebrauchtwagen ✅kaufen / ✅leasen. Jetzt Probefahrt vereinbaren!. https://www.pillenstein.de/, 2020-01-01","https://www.pillenstein.de/autos/vw-pkw/neuwagen/passat-variant/","Der Passat Variant - Souverän in Technik & Design, riesig im Ladevolumen"
"1824","2020-01-01","internetbasiert","VW Passat GTE 2015: Hybrid ohne Kompromisse. Volkswagen Österreich, 2020-01-01","https://www.volkswagen.at/service-zubehoer/vorgaengermodelle/passat-gte","Für alle Unternehmerkunden, die sich für einen neuen Passat oder Passat Variant entscheiden, gibt es ab sofort das Business-Paket (bei Trendline und Comfortline) bzw. das Premium-Paket (bei Highline, Alltrack und GTE) kostenlos dazu."
"1825","2019-12-01","internetbasiert","expondo.de. expondo.de, 2019-12-01","https://www.expondo.de/royal-catering-servierwagen-2-borde-bis-160-kg-10010079","Farei una variante con le maniglie complanari al piano superiore per migliorare il suo ingombro."
"1826","2020-12-01","internetbasiert","Robert Brembeck: Wolfgang Porsche, 2018. Galerie Roschlaub GmbH, 2020-12-01","https://galerie-roschlaub.com/products/wolfgang-porsche-2021","[...]:\/\/cdn.shopify.com\/s\/files\/1\/0515\/1807\/9168\/products\/20180321_PORSCHE_60296_rgb_gold.jpg?v=1606836652"",""width"":480}],""requires_selling_plan"":false,""selling_plan_groups"":[],""content"":""\u003cp data-mce-fragment=\""1\""\u003e30 x 40 cm (ungerahmt)\u003c\/p\u003e\n\u003cp data-mce-fragment=\""1\""\u003e\u003cmeta charset=\""utf-8\""\u003e\u003cspan\u003eEdition of 15\u003c\/span\u003e\u003c\/p\u003e""};GRFQCollection[6088973254848]['collection'] = [];GRFQCollection[6088973254848][""collection""].push('237075169472'); Variante auswählen 30 x 40 cm (ungerahmt) Edition of 15Lesen Sie mehr 30 x 40 cm (ungerahmt) Edition of 15 Teilen [...]"
"1827","2018-04-10","internetbasiert","Variant 25 - 183. TM Handelsvertretung, 2018-04-10","https://www.genau-mein-zuhause.de/pf/variant-25-183/","0175 36 56 530 Beratungsgespräch vereinbaren Primary Menu Startseite Über mich Leistungen Musterhaus Erfahrungen Kontakt 11. April 2018 Hanse Häuser Variant 25 -183 Hanse Haus Variant 25 -183 Hanse Haus Zurück Weiter"
"1828","2019-08-30","internetbasiert","Shopify Shop rechtlich absichern - So geht's Schritt-für-Schritt. Eshop Guide, 2019-08-30","https://www.eshop-guide.de/blogs/shopify-deutschland/onlineshop-rechtlich-absichern","Suche in dem Editor (Strg + F oder CMD + F) nach variant.price | money oder product.price | money"
"1829","2020-01-01","internetbasiert","Variant Heckkipper TR 3500 XL7 170x360x110cm 3,5t. Koch Anhängerwerke, 2020-01-01","https://www.kochanhaengerwerke.de/kipper/rueckwaertskipper/variant-heckkipper-tr-3500-xl7-170x360x110cm-3-5t","Variant Hochlader Anhänger 3325 P6 | 245x615cm 3,5t | Tridem | Pro-Line"
"1830","2020-07-01","internetbasiert","Velourmatten Passend Für Scania R New Generation. LKW Innenausstattung. Verkleidung und Einrichtung von LKW Kabinen, 2020-07-01","https://truck-interrior.de/produkt/velourmatten-passend-fuer-scania-r-new-generation/","Nur eine Variant mit Lasergravur möglich"
"1831","2020-08-04","internetbasiert","Kaspersky Anti-Virus. Lizenz2Go, 2020-08-04","https://lizenz2go.ch/products/kaspersky-anti-virus","Spezifikationen Lizenz Lizenztyp Subscription Lizenz Lizenzdauer 1 Jahr / 2 Jahre (siehe Auswahl) Lizenzform ESD Anzahl Geräte 1x - 5x (siehe Auswahl) Sprache Multilingual Software Hersteller Kaspersky Produktfamilie Anti-Virus Produktserie Standard Herst.-Nr. {{ variant.sku }} Systemanforderungen Betriebssystem Windows 7 / 8 / 8.1 / 10 Festplattenspeicher mind. 1.5 GB Arbeitsspeicher (RAM) mind. 1 GB (32 Bit) oder 2 GB (64 Bit)"
"1832","2020-04-30","internetbasiert","Destiny 2: Neues Waffen-Exotic gerade erst im Spiel, schon droht Sperre. Mein-MMO.de, 2020-04-30","https://mein-mmo.de/destiny-erben-erscheinung-glitch/","Im PvE lohnt es sich auch nicht, da die DPS mit allen Waffen höher wäre als mit der variante xD"
"1833","2019-02-07","internetbasiert","hzm-net webdesign - hzm-net heinz müller. Hzm-Net Heinz Mueller, 2019-02-07","https://hzm-net.ch/varia/hzm-net-heinz-mueller/hzm-net-webdesign/","lohn-stetten-büttenhard (ref. kirchgemeinde, erste variante)"
"1834","2018-03-10","internetbasiert","Angriff der Klonkrieger. GHOSTBUSTERS DEUTSCHLAND, 2018-03-10","https://ghostbustersdeutschland.wordpress.com/2018/03/10/angriff-der-klonkrieger/","Es ist natürlich wieder ein Variant."
"1835","2020-11-10","internetbasiert","VW baut in Zwickau jetzt auf zwei Linien E-Modelle - electrive.net. electrive.net, 2020-11-10","https://www.electrive.net/2020/11/10/vw-baut-in-zwickau-jetzt-auf-zwei-linien-e-modelle/","Mit dem Umbau der zuvor noch für den Golf Variant genutzten Produktionslinie in Halle 6 erweitert Volkswagen die Fertigungskapazität."
"1836","2020-08-01","internetbasiert","KFZ-Steuer VW Passat. repareo.de, 2020-08-01","https://www.repareo.de/kfz-steuer-vw-passat/","Ein Passat Variant mit 1.8-TSI-Benziner (160 PS) in Highline-Ausstattung konnte ab Herbst 2010 etliche Käufer motivieren."
"1837","2020-11-18","internetbasiert","VW Golf 7 Variant – kleines Aktivsystem. Car Audio Store, 2020-11-18","https://www.car-audio-store.de/vw-golf-7-variant-kleines-aktivsystem/","Search Car Audio Store Home Produkte Galerie Über uns Dienstleistungen Kontakt Home Produkte Galerie Über uns Dienstleistungen Kontakt VW Golf 7 Variant – kleines Aktivsystem Go to Top"
"1838","2019-11-20","internetbasiert","VW ID. Space Vizzion: Der elektrische Passat soll 2021 kommen - electrive.net. electrive.net, 2019-11-20","https://www.electrive.net/2019/11/20/vw-id-space-vizzion-der-elektrische-passat-soll-2021-kommen/","Mit 596 Litern liegt das Ladevolumen sogar deutlich unter den 650 Litern des Passat Variant."
"1839","2019-10-18","internetbasiert","Alle Häuser von HVO Massivhaus auf Fertighaus.de. Fertighaus.de, 2019-10-18","https://www.fertighaus.de/anbieter/hvo-massivhaus/","KLASSIK 1000.2 HVO Massivhaus ab 201.457 € Schlüsselfertig 146 m² Wohnfläche ELEGANZ 1158.STV HVO Massivhaus ab 232.370 € Schlüsselfertig 158 m² Wohnfläche ELEGANZ 1000.2 HVO Massivhaus ab 201.220 € Schlüsselfertig 123 m² Wohnfläche VARIANT 1159.HK HVO Massivhaus ab 216.211 € Schlüsselfertig 145 m² Wohnfläche"
"1840","2020-07-12","internetbasiert","WLAN Router hat 2 Antennen Anschlüsse Ersatzteilversand. forum.electronicwerkstatt.de, 2020-07-12","https://forum.electronicwerkstatt.de/phpBB/Funktechnik/wlan_router_hat_2_antennen_anschluesse-t71173f18_bs0.html","es gibt verschiedene philosophien... variante a) Beide Antennen agieren als Sende und empfangsantenne, das jeweils bessere Signal wird verwendet variante b) die eine Antenne wird als Sende- und die andere als Empfangsantenne verwendet."
"1841","2020-07-31","internetbasiert","Kfz-Versicherung: Kaskoschutz hilft nach Wildunfällen. hasselwander.co.uk, 2020-07-31","https://www.hasselwander.co.uk/kfz-versicherung-kaskoschutz-hilft-nach-wildunfaellen/","*** Profil Familie: Ehepaar, wohnhaft in Wandlitz bei Berlin, beide 36 Jahre, Ehemann ist Fahrzeughalter und Hauptfahrer, beide angestellt, zwei Kinder unter 17 Jahre, kein Wohneigentum, VW Golf Variant 1.6 TDI, Baujahr 2009, Wagen parkt in Carport, 20.000 km jährliche Fahrleistung, nur Ehegatten fahren mit dem Auto, Schadenfreiheitsklasse 10, Kfz-Haftpflicht mit Vollkaskoschutz (300 Euro SB VK, 150 Euro SB TK), freie Werkstattwahl, nur Angebote mit erhöhten Deckungssummen im Haftpflichtfall, erweitertem Wildschadenschutz und dem Verzicht auf den Einwand grober Fahrlässigkeit."
"1842","2020-04-08","internetbasiert","Unser Partner Stefan Moser Process Optimization - AFIN-TS GmbH. AFIN-TS GmbH, 2020-04-08","https://afin-ts.de/unser-partner-stefan-moser-process-optimization/","MVDA: Multi variante Data Analysis"
"1843","2020-10-05","internetbasiert","Bodenarbeitsseil Dünn - Prices from 51.60 to 58.75. Bataliru, 2020-10-05","https://bataliru.de/products/bodenarbeitsseil-dunn-prices-from-51-60-to-58-75","[...] Hund Menü Hund Alles Halsbänder Leinen Anhänger Pferde Pferde Menü Pferde Alles Arbeitsseile Halsringe Knotenhalfter Zügel Anhänger Mensch Messanleitung Messanleitung Menü Messanleitung Hundehalsband Knotenhalfter Material & Farben Material & Farben Menü Material & Farben Material Farben Gutschein Alle Produkte Bodenarbeitsseil Dünn - Prices from 51.60 to 58.75 Normaler Preis €51,60 Sonderpreis €51,60 Angebot inkl. MwSt. zzgl. Versandkosten Title Variant for price 51.6 Variant for price 52 Variant for price 52.1 Variant for price 52.2 Variant for price 52.45 Variant for price 52.55 Variant for price 52.65 Variant for price 53.05 Variant for price 53.15 Variant for price 53.25 Variant for price 53.5 Variant for price 53.6 Variant for price 53.7 Variant for price 54.1 Variant for price 54.2 Variant for price 54.55 Variant for price 54.65 Variant for price 54.75 Variant for price 55.15 Variant for price 55.25 Variant for price 55.6 Variant for price 55.7 Variant for price 56.2 Variant for price 56.65 Variant for price 56.75 Variant for price 57.25 Variant for price 57.7 Variant for price 58.75 Variant for price 51.6 Variant for price 52 Variant for price 52.1 Variant for price 52.2 Variant for price 52.45 Variant for price 52.55 Variant for price 52.65 Variant [...]"
"1844","2020-10-12","internetbasiert","Casino Mit Echtgeld Gewinnen. attachment-parenting.de, 2020-10-12","https://attachment-parenting.de/casino-mit-echtgeld-gewinnen/","Spielautomaten varianten Zertifiziertes roulette gewinnchance 2022 Mobiles casino tricks 2022 Sicheres blackjack ohne einzahlung 2022 Diese bilden einen wichtigen Bestandteil unserer Skrill Casino Tests, die sich mit The Hand of Midas befassen."
"1845","2019-02-25","internetbasiert","Wie KI, IoT & Co. unser technisches Umfeld verändern. Wie KI, IoT & Co. unser technisches Umfeld verändern, 2019-02-25","http://0800hardware.de/wie-ki-iot-co-unser-technisches-umfeld-veraendern/","Small (45mm x 18mm), robust and powerful board; 3.3V variant of the Nano family."
"1846","2020-01-01","internetbasiert","Reparatursatz, Zündverteiler. BERU Zündungsteile | BERU – Ihr Experte für Zündungstechnik, 2020-01-01","https://www.beruparts.de/find-my-part/9737188/beru-by-driv/andere/reparatursatz--zundverteiler/dks011.pd.html","Passend für: {{make}} {{variant}} {{engine_display}} Passend für: Achse {{axle_code}} Passend für: Motor {{fitsEngineDisplay}}"
"1847","2019-01-26","internetbasiert","Gefahr für den Golf - Main-Spitze. Main-Spitze, 2019-01-26","https://www.main-spitze.de/ratgeber/auto-und-motorrad/autotests/hyundai/gefahr-fur-den-golf_19922481","Das macht der vergleichbare Golf Variant (110 kW/150 PS) in der Highline-Version (31175 Euro) aber auch."
"1848","2019-04-02","internetbasiert","I.D. ROOMZZ: VW gibt Ausblick auf elektrisches Fullsize-SUV. ecomento.de, 2019-04-02","https://ecomento.de/2019/04/02/vw-id-roomzz-elektroauto-fullsize-suv-shanghai-teaser/","Der VW ID. Buzz (Elektrobus) soll 2022 kommen, ein VW ID. Small Crossover (T-Cross als Vorlage) ist für 2023 geplant, der VW ID. Aero (ID Vizzion, Passat und Passat Variant als Vorlage) soll auch 2023 kommen und 2024 gibt es den VW ID."
"1849","2018-09-06","internetbasiert","Klassische Engineering-Anbieter dank IoT mit neuen Chancen im Automotive-Markt. 0800hardware.de, 2018-09-06","http://0800hardware.de/klassische-engineering-anbieter-dank-iot-mit-neuen-chancen-im-automotive-markt/","The ease of use of a Nano board with the addition of secure IoT and BT connectivity Small (45mm x 18mm), robust and powerful board; 3.3V variant of the Nano family."
"1850","2018-08-19","internetbasiert","Samsung Galaxy S10 könnte mit selbst-heilendem Display kommen. Testberichte, News, Tablets & Smartphones, 2018-08-19","https://www.appdated.de/2018/08/samsung-galaxy-s10-koennte-mit-selbst-heilendem-display-kommen/","The Galaxy S10 Plus is said to sport three cameras on its back, while the small Galaxy S10 variant will stick to one rear-facing camera."
"1851","2019-03-18","internetbasiert","Wegen E-Mobilität: Volkswagen-Chef soll mit Austritt aus Branchenverband VDA drohen. ecomento.de, 2019-03-18","https://ecomento.de/2019/03/18/elektroauto-volkswagen-chef-droht-mit-austritt-aus-branchenverband-vda/","Kein wunder, dass sie nicht auch noch mit andere varianten beschäftigen können. Audi + Prorsche hängen bei dieser grundrichtung mit dran."
"1852","2020-12-01","internetbasiert","Neoliberalismus. diversity-glossar.de, 2020-12-01","http://diversity-glossar.de/neoliberalismus/","With this shift “from redistribution to recognition” came powerful pressures to transform second-wave feminism into a variant of identity politics."
"1853","2018-06-01","internetbasiert","Fertighaus Variant 35-163 | HANSE HAUS. Hanse Haus, 2018-06-01","https://www.hanse-haus.ch/de/architektur/haeuser/haus/variant-35-163/","Das Herzstück des Variant 35-163 ist der offen gestaltete Wohn-, Ess- und Kochbereich."
"1854","2020-01-01","internetbasiert","CAD – CAM. RMM Metallbearbeitung GmbH, 2020-01-01","https://www.rmm-metallbearbeitung.de/know-how/cad-cam/","[...]“#ffffff“ btn1_text_color=“#ffffff“ btn1_text_hovercolor=“#333333″ btn2_text_color=“#ffffff“ btn2_text_hovercolor=“#333333″ title_font_size=“desktop:18px;“ title_line_ht=“desktop:28px;“ btn_border_radius=“2″ btn1_heading_style=“font-weight:700;“ btn2_heading_style=“font-weight:700;“ css_dualbtn_design=“.vc_custom_1581678130098{margin-top: 0px !important;margin-bottom: 0px !important;padding-top: 0px !important;padding-bottom: 0px !important;}“ btn_width=“250″ btn1_font_family=“font_family:Roboto|font_call:Roboto|variant:700″ btn2_font_family=“font_family:Roboto|font_call:Roboto|variant:700″][/vc_column][/vc_row][vc_row equal_height=“yes“ bg_type=“bg_color“ bg_override=“full“ css=“.vc_custom_1572950423405{border-top-width: 50px !important;padding-bottom: 50px !important;}“][vc_column][vc_column_text css=“.vc_custom_1581677490237{margin-top: 30px !important;}“]Mehr als 1.000 m2 Produktionsfläche mit modernstem Maschinenpark und 20 qualifizierten Fachkräften machen uns somit zu einem produktiven und zuverlässigen Partner. [...]"
"1855","2019-06-11","internetbasiert","u-blox definiert IoT-Sicherheit mit einem 5G-fähigen Mobilfunkmodul und Chipsatz für LPWA-IoT-Anwendungen neu. 0800hardware.de, 2019-06-11","http://0800hardware.de/u-blox-definiert-iot-sicherheit-mit-einem-5g-faehigen-mobilfunkmodul-und-chipsatz-fuer-lpwa-iot-anwendungen-neu/","The ease of use of a Nano board with the addition of secure IoT and BT connectivity Small (45mm x 18mm), robust and powerful board; 3.3V variant of the Nano family."
"1856","2019-05-20","internetbasiert","Überblick zu Android Autoradios mit allen wesentlichen Fakten. Android Autoradio im Test, 2019-05-20","https://www.android-autoradio-im-test.de/index.php/2019/05/20/der-ueberblick-zu-android-autoradios-fuer-alle-neueinsteiger/","Ich möchte dir bei einem VW Passat Variant 3c lieber das Xtrons PQ80UNV empfehlen, denn das ist eine bewährte Marke:"
"1857","2020-10-05","internetbasiert","Bodenarbeitsseil Dünn - Prices from 51.60 to 58.75. Bataliru, 2020-10-05","https://bataliru.de/products/bodenarbeitsseil-dunn-prices-from-51-60-to-58-75","[...] Variant for price 55.15 Variant for price 55.25 Variant for price 55.6 Variant for price 55.7 Variant for price 56.2 Variant for price 56.65 Variant for price 56.75 Variant for price 57.25 Variant for price 57.7 Variant for price 58.75 Variant for price 51.6 Variant for price 52 Variant for price 52.1 Variant for price 52.2 Variant for price 52.45 Variant for price 52.55 Variant for price 52.65 Variant for price 53.05 Variant for price 53.15 Variant for price 53.25 Variant for price 53.5 Variant for price 53.6 Variant for price 53.7 Variant for price 54.1 Variant for price 54.2 Variant for price 54.55 Variant for price 54.65 Variant for price 54.75 Variant for price 55.15 Variant for price 55.25 Variant for price 55.6 Variant for price 55.7 Variant for price 56.2 Variant for price 56.65 Variant for price 56.75 Variant for price 57.25 Variant for price 57.7 Variant for price 58.75 In den Einkaufswagen legen Teilen Auf Facebook teilen Twittern Auf Twitter twittern Pinnen Auf Pinterest pinnen Teilen Auf Facebook teilen Twittern Auf Twitter twittern Pinnen Auf Pinterest pinnen [...]"
"1858","2020-09-21","internetbasiert","Jetzt bestellbar: Der neue VW Golf Variant. Autohaus Stoppanski, 2020-09-21","https://www.stoppanski.de/news/golf-variant-bestellbar/","Bis zur Oberkante der Rücksitzlehne beladen, stehen 611 Liter Stauvolumen zur Verfügung (plus 6 Liter gegenüber dem Golf Variant 7)."
"1859","2020-01-01","internetbasiert","Testberichte 1970. vw-411.de, 2020-01-01","http://vw-411.de/Testberichte-1970/","Vergleichstest: Ford 17 M Turnier - VW 411 LE Variant"
"1860","2020-01-01","internetbasiert","Toko Basic Wax Set. ski-shop.ch, 2020-01-01","https://ski-shop.ch/toko/toko-basic-wax-set","Mit dem Toko T8 Bügeleisen haben Sie die perfekte einsteiger variante für den Wachskeller."
"1861","2018-10-09","internetbasiert","FOXG1 syndrome: genotype-phenotype association in 83 patients with FOXG1 variants.. CeGaT GmbH, 2018-10-09","https://www.cegat.de/foxg1-syndrome-genotype-phenotype-association-in-83-patients-with-foxg1-variants/","We compiled 30 new and 53 reported patients with a heterozygous pathogenic or likely pathogenic variant in FOXG1."
"1862","2020-05-14","internetbasiert","Kann chromebook nicht mit nordvpn verbinden – Nordvpn | Werbecode. Bester VPN-Vergleicher, 2020-05-14","http://minecraftopia.de/kann-chromebook-nicht-mit-nordvpn-verbinden-nordvpn-werbecode/","Ist wirklich sicher auf netflix davon ab, ob du von kommerziellen varianten, normal für familien oder steuern über eine reihe von methoden an, sobald das smartphone wirklich keinen grund blockieren oder filialen vorteilhaft, sondern nur 4. Sobald du ein bisschen mehr als für nordvpn in pfsense die zugangsdaten in jedem download von geoblocking zu bedienen und ausgehende verbindungen erscheint, der öffnungszeiten an der anwendung ist dargestellt, den vorherigen daten via kabel in bestimmten ländern bietet die geld-zurück-garantie hier."
"1863","2020-01-01","internetbasiert","Tipps: Erkältungs- und Grippesymptome behandeln | WICK. wick.de, 2020-01-01","https://www.wick.de/de-de/erkaeltung-vorbeugen/was-hilft-bei-erkaeltung/erkaeltungs-und-grippesymptome","Muether, P. S., Variant Effect of First- and Second-Generation Antihistamines as Clues to Their Mechanism of Action on the Sneeze Reflex in the Common Cold, Clinical Infectious Diseases, [Variable Auswirkungen von Antihistaminen der ersten und zweiten Generation als Schlüssel für ihren Wirkungsmechanismus auf den Niesreflex bei Erkältungen, Klinische Infektionskrankheiten] 2001; 33."
"1864","2020-07-31","internetbasiert","Fernsehbild trauerbalken erwünscht Ersatzteilversand. forum.electronicwerkstatt.de, 2020-07-31","https://forum.electronicwerkstatt.de/phpBB/Projekte_im_Selbstbau/fernsehbild_trauerbalken_erwuenscht-t26177f34_bs0.html","[...] overscan, kein underscan, wie auf nem pc monitor, nur beim TV wäre es der schwarze gemalte rand des glaskolbens, dann der schwarze rand der ungetasteten bildröhrer, dann das Original 576 zeilen tv bild, wohlwissend das das zeile 1 von 576 halb ist, und zeile 576. ich will einfach TRAUBERBALKEN um das original tvsignal, nicht große, in dem verhältnis wie der aufgemalt farbrand währe... ------------------------------ ----------------------------- aufgemalter glaskoben rand ______________________________ ungetaste bildröhre XXXXXXXXXXXXXXXXXXXXXXXXXx original 576 tvbild xxxxxx xxxxxxxxx xxxxxxxxx bitte das in allen 4 himmelsrichtung, ich habe nur die NORD variante darstellen können. ok, stellt euch nen 16:9 film vor auf 4:3, ich will die horizontalen balken auch vertikal aber ohne signalzeilenverlust, in 4:3 zu 4:3. einfach nen kleinen ungetasteten rahmen um das fernsehbild rundherum. entschuldigt meine laienhafte darstellungsweise. grüße Mike [...]"
"1865","2019-04-04","internetbasiert","Arrow adressiert vertikale Märkte mit IoT-Lösungen von ProEsys. 0800hardware.de, 2019-04-04","http://0800hardware.de/arrow-adressiert-vertikale-maerkte-mit-iot-loesungen-von-proesys/","Small (45mm x 18mm), robust and powerful board; 3.3V variant of the Nano family."
"1866","2020-08-03","internetbasiert","Variant 2715 M2 | 260x150cm - 2,7t | Baumaschinenanhänger mit Blattfederung. PKW-Anhänger kaufen bei P+P Anhängercenter | Wohnmobil Vermietung & Anhängervermietung, 2020-08-03","http://www.ppanhaengercenter.com/store/p697/Variant-2715M2-Baumaschinen-Anhaenger-Blattfederung.html","Variant"
"1867","2020-09-01","internetbasiert","Fertighaus Variant 25-165 | HANSE HAUS. Hanse Haus, 2020-09-01","https://www.hanse-haus.ch/de/architektur/haeuser/haus/variant-25-165/","Ein reines Weiss, kombiniert mit starken Kontrastfarben wie z. B. Rot oder Grau, verleiht einem Variant 25-165 mit Satteldach einen tollen, modernen Look, der in der Nachbarschaft garantiert die Blicke auf sich zieht."
"1868","2020-09-21","internetbasiert","Jetzt bestellbar: Der neue VW Golf Variant. Autohaus Stoppanski, 2020-09-21","https://www.stoppanski.de/news/golf-variant-bestellbar/","Zum Verkaufsteam. 01. Golf Variant 2.0 TDI SCR 110 kW (NEFZ) Kraftstoffverbrauch, l/100 km: innerorts 4,9-4,7 / außerorts 3,7-3,5 / kombiniert 4,1-4,0; CO2-Emission kombiniert, g/km: 108-104; Effizienzklasse: A+ 02. Golf Variant – Das Fahrzeug ist eine seriennahe Studie und wird noch nicht zum Verkauf angeboten 03. Golf Alltrack – Das Fahrzeug ist eine seriennahe Studie und wird noch nicht zum Verkauf angeboten"
"1869","2019-05-03","internetbasiert","Microsoft kündigt Hololens-2-Start, IoT-Plug-and-Play, neue Azure-KI-Tools und mehr an. 0800hardware.de, 2019-05-03","http://0800hardware.de/microsoft-kuendigt-hololens-2-start-iot-plug-and-play-neue-azure-ki-tools-und-mehr-an/","The ease of use of a Nano board with the addition of secure IoT and BT connectivity Small (45mm x 18mm), robust and powerful board; 3.3V variant of the Nano family."
"1870","2020-10-05","internetbasiert","Bodenarbeitsseil Dünn - Prices from 51.60 to 58.75. Bataliru, 2020-10-05","https://bataliru.de/products/bodenarbeitsseil-dunn-prices-from-51-60-to-58-75","[...] Variant for price 57.25 Variant for price 57.7 Variant for price 58.75 Variant for price 51.6 Variant for price 52 Variant for price 52.1 Variant for price 52.2 Variant for price 52.45 Variant for price 52.55 Variant for price 52.65 Variant for price 53.05 Variant for price 53.15 Variant for price 53.25 Variant for price 53.5 Variant for price 53.6 Variant for price 53.7 Variant for price 54.1 Variant for price 54.2 Variant for price 54.55 Variant for price 54.65 Variant for price 54.75 Variant for price 55.15 Variant for price 55.25 Variant for price 55.6 Variant for price 55.7 Variant for price 56.2 Variant for price 56.65 Variant for price 56.75 Variant for price 57.25 Variant for price 57.7 Variant for price 58.75 In den Einkaufswagen legen Teilen Auf Facebook teilen Twittern Auf Twitter twittern Pinnen Auf Pinterest pinnen Teilen Auf Facebook teilen Twittern Auf Twitter twittern Pinnen Auf Pinterest pinnen [...]"
"1871","2019-12-19","internetbasiert","Fillikid Laufgitter 6-eckig mit Einstieg Exclusiv | Kinderhaus Blaubär. kinderhaus-blaubaer.de, 2019-12-19","https://www.kinderhaus-blaubaer.de/fillikid-laufgitter-6-eckig-mit-einstieg-exclusiv_34350_53811","[...] { _tsRatingConfig = { tsid : 'X0C74C395F78C2D0663798C126CCFC286', element : '#ts_review_sticker', variant : 'testimonial', reviews : '5', betterThan : '3.0', richSnippets : 'on', backgroundColor : '#FFDC0F', linkColor : '#000000', quotationMarkColor : '#FFFFFF', fontFamily : 'Arial', reviewMinLength : '10' }; var scripts = document.getElementsByTagName('SCRIPT'), me = scripts[scripts.length - 1]; var _ts = document.createElement('SCRIPT'); _ts.type = 'text/javascript'; _ts.async = true; _ts.src = '//widgets.trustedshops.com/reviews/tsSticker/tsSticker.js'; me.parentNode.insertBefore(_ts, me); _tsRatingConfig.script = _ts; })(); [...]"
"1872","2019-01-04","internetbasiert","Tesla öffnet Model-3-Konfigurator für deutsche Kunden. ecomento.de, 2019-01-04","https://ecomento.de/2019/01/04/tesla-oeffnet-model-3-konfigurator-fuer-deutsche-kunden/","Hoffentlich kommt bald auch die MR Hinterrad variante für 10k weniger…"
"1873","2020-01-01","internetbasiert","Vezeko Gitter-Aufsatz 100cm für KONOS 251x177|Hakengerät. Koch Anhängerwerke, 2020-01-01","https://www.kochanhaengerwerke.de/baumaschinen/multikipper/vezeko-gitter-aufsatz-100cm-fuer-konos-251x177-hakengeraet","Variant Heckkipper Variant 168x320cm 2,7t | E-Pumpe | Rampen | Gitter | Aktion"
"1874","2018-04-10","internetbasiert","Variant 35 - 154. TM Handelsvertretung, 2018-04-10","https://www.genau-mein-zuhause.de/pf/variant-35-154/","0175 36 56 530 Beratungsgespräch vereinbaren Primary Menu Startseite Über mich Leistungen Musterhaus Erfahrungen Kontakt 11. April 2018 Hanse Häuser Variant 35 - 154 Hanse Haus 2 Variant 35 - 154 Hanse Haus Zurück"
"1875","2018-10-26","internetbasiert","Suche. tksoft-online.de, 2018-10-26","http://www.tksoft-online.de/index.php/ms-access/bsp-db-s/bsp-downloads-datei-und-system/16-einlesen-von-dateien-in-eine-ms-access-datenbank","'******************************************* Dim db As DAO.Database, rs As DAO.Recordset Dim varElement As Variant Dim lCount As Long Dim nBytes As Currency ' Löscht den Inhalt der Tabelle ""tbl_Files"" CurrentDb.Execute ""DELETE * FROM tbl_Files;"" ' zunächst Anzahl Dateien ermitteln lCount = VBEX_FileCount(strFolder, intSubfolder, strFilter, nBytes) If lCount = -1 Then MsgBox ""Keine Dateien enthalten, keine CD eingelegt oder Laufwerk nicht bereit."""
"1876","2020-01-01","internetbasiert","21-300. isover.ch, 2020-01-01","https://www.isover.ch/de/solutions/21-300","Description Unité 1 Unité 2 Variant 1 Variant 2 Variant 3 Variant 4 Variant 5 Variant 6 PB F 030 d [mm] 60 60 80 100 120 140 PB F 030 d [mm] 60 80 100 100 120 140 Wärmeschutz im Winter und Sommer * * ** ** *** *** Wärmedurchgangskoeffizient:"
"1877","2019-04-29","internetbasiert","Greyhounds verlieren knapp gegen die Dortmund Giants. Westfootball, 2019-04-29","https://westfootballnews.wordpress.com/2019/04/29/greyhounds-verlieren-knapp-gegen-die-dortmund-giants/","Schon im ersten Drive marschierten die Dortmund Giants mit varianten Angriffsspiel übers Feld, und erzielten schnell die 6:0 Führung (EP geblockt)."
"1878","2020-01-01","internetbasiert","VW 411 LE Variant. vw-411.de, 2020-01-01","http://vw-411.de/VW-411-LE-Variant/","VW 411 LE Variant"
"1879","2018-06-01","internetbasiert","Variant 25-166 mit Einliegerwohnung - V1 | HANSE HAUS. Hanse Haus, 2018-06-01","https://www.hanse-haus.ch/de/architektur/haeuser/haus/variant-25-166-mit-einliegerwohnung-variante-1/","Weiterer Pluspunkt: Das Ober- und Dachgeschoss des Variant 25-166 verfügt durch die Anordnung des HWR- und Technikraumes im Keller über ein zusätzliches Arbeits- und Gästezimmer."
"1880","2018-03-15","internetbasiert","Wie spricht man ""een"" und ""en"" aus im Niederländischen? Und was bedeuten diese Wörter?. Buurtaal, 2018-03-15","https://www.buurtaal.de/en-een-niederlaendisch-aussprache-bedeutung/","– Ook met die sjwa, maar MET de h uitgesproken: dat is een variant die vrijwel alleen in België te horen is, als nadrukkelijke vorm."
"1881","2019-03-27","internetbasiert","Bosch, Cisco und ABB geben Münchner IoT-Startup auf. 0800hardware.de, 2019-03-27","http://0800hardware.de/bosch-cisco-und-abb-geben-muenchner-iot-startup-auf/","The ease of use of a Nano board with the addition of secure IoT and BT connectivity Small (45mm x 18mm), robust and powerful board; 3.3V variant of the Nano family."
"1882","2020-10-05","internetbasiert","Bodenarbeitsseil Dünn - Prices from 51.60 to 58.75. Bataliru, 2020-10-05","https://bataliru.de/products/bodenarbeitsseil-dunn-prices-from-51-60-to-58-75","[...] Variant for price 56.65 Variant for price 56.75 Variant for price 57.25 Variant for price 57.7 Variant for price 58.75 Variant for price 51.6 Variant for price 52 Variant for price 52.1 Variant for price 52.2 Variant for price 52.45 Variant for price 52.55 Variant for price 52.65 Variant for price 53.05 Variant for price 53.15 Variant for price 53.25 Variant for price 53.5 Variant for price 53.6 Variant for price 53.7 Variant for price 54.1 Variant for price 54.2 Variant for price 54.55 Variant for price 54.65 Variant for price 54.75 Variant for price 55.15 Variant for price 55.25 Variant for price 55.6 Variant for price 55.7 Variant for price 56.2 Variant for price 56.65 Variant for price 56.75 Variant for price 57.25 Variant for price 57.7 Variant for price 58.75 In den Einkaufswagen legen Teilen Auf Facebook teilen Twittern Auf Twitter twittern Pinnen Auf Pinterest pinnen Teilen Auf Facebook teilen Twittern Auf Twitter twittern Pinnen Auf Pinterest pinnen [...]"
"1883","2018-11-06","internetbasiert","Avengers (Brand New) PB 5: Der Krieg gegen Kang, 18,50 €. Avengers (Brand New) PB 5: Der Krieg gegen Kang, 18,50 €, 2018-11-06","https://www.merchfox.at/Avengers-Brand-New-PB-5-Der-Krieg-gegen-Kang_1","German Format: Softcover (SC) Variantcover: no variant Erstveröffentlichung: 06.11.2018 Pages: 164 Autor/s: Mark Waid Artists:"
"1884","2018-02-28","internetbasiert","Abgasskandal: Jetzt Diesel zurückgeben! - Anwaltskanzlei Finkeldei, Rechtsanwalt Bottrop. Anwaltskanzlei Finkeldei, Rechtsanwalt Bottrop, 2018-02-28","https://finkeldei-online.de/verkehrsrecht/abgasskandal/","VW Golf VII 1.6 TDI Variant (Euro 6)"
"1885","2020-08-08","internetbasiert","Microsoft 365 Single. Lizenz2Go, 2020-08-08","https://lizenz2go.ch/products/microsoft-365-single","Spezifikationen Lizenz Lizenztyp Subscription Lizenz Lizenzdauer 1 Jahr Lizenzform ESD Anzahl Benutzer 1x Sprache Multilingual Software Hersteller Microsoft Produktfamilie 365 Produktserie Single Herst.-Nr. {{ variant.sku }} Systemanforderungen Betriebssystem Android 4.4 und höher iOS 10.10 und höher Mac OS X (keine genau Angabe) Windows 8.1 / 10 Festplattenspeicher 4 GB (Win), 10 GB (Mac) Arbeitsspeicher (RAM) 1 GB (Android), 4 GB (Mac), 2 GB (32 Bit, Win), 4 GB (64 Bit, Win)"
"1886","2018-11-23","internetbasiert","Fototische. studiotische.de, 2018-11-23","https://www.studiotische.de/Fototische","Der „Variant MAXI“ vereint alle Vorteile des Photostar „Variant“ mit einer ca. 80% tieferen Arbeitsfläche, die sowohl vertikal als auch horizontal zum Einsatz kommen kann und damit die perfekte Lösung für Aufnahmen größerer Objekte darstellt."
"1887","2020-01-01","internetbasiert","Produktpalette. RMM Metallbearbeitung GmbH, 2020-01-01","https://www.rmm-metallbearbeitung.de/produktpalette/","[...] btn2_text_color=“#ffffff“ btn2_text_hovercolor=“#333333″ title_font_size=“desktop:18px;“ title_line_ht=“desktop:28px;“ btn_border_radius=“2″ btn1_heading_style=“font-weight:700;“ btn2_heading_style=“font-weight:700;“ css_dualbtn_design=“.vc_custom_1581678130098{margin-top: 0px !important;margin-bottom: 0px !important;padding-top: 0px !important;padding-bottom: 0px !important;}“ btn_width=“250″ btn1_font_family=“font_family:Roboto|font_call:Roboto|variant:700″ btn2_font_family=“font_family:Roboto|font_call:Roboto|variant:700″][/vc_column][/vc_row][vc_row equal_height=“yes“ bg_type=“bg_color“ bg_override=“full“ css=“.vc_custom_1572950423405{border-top-width: 50px !important;padding-bottom: 50px !important;}“][vc_column][vc_column_text css=“.vc_custom_1581677490237{margin-top: 30px !important;}“]Mehr als 1.000 m2 Produktionsfläche mit modernstem Maschinenpark und 20 qualifizierten Fachkräften machen uns somit zu einem produktiven und zuverlässigen Partner. [...]"
"1888","2020-10-06","internetbasiert","Hochbeet ""Fahrenberg"". Ennstaler Tischlerteam, 2020-10-06","https://www.ennstaler-rundholz.at/hochbeet-brunnbach/","Variante ""großes L variante ""zwilling variante ""U-Form variante ""Hexagon"
"1889","2020-11-10","internetbasiert","Her mit der Kohle!!. Bullauge Blog, 2020-11-10","https://bullauge-blog.de/2020/11/10/her-mit-der-kohle-2/","Eine TOLLe Variante."
"1890","2018-05-31","internetbasiert","VW Passat Variant: Den neuen Volkswagen bewundern. Auto-Kombi, 2018-05-31","https://www.kombi.de/vw-passat-variant/","VW Passat Variant auf Basis des Audi 80 gebaut"
"1891","2019-05-20","internetbasiert","Samsung Galaxy Note 10 - keine guten Nachrichten beim Thema Akku. Testberichte, News, Tablets & Smartphones, 2019-05-20","https://www.appdated.de/2019/05/samsung-galaxy-note-10-schlechte-neuigkeiten-zum-akku/","It’s possible that this might be the 5G variant of the next Galaxy Note."
"1892","2020-01-01","internetbasiert","24-100. isover.ch, 2020-01-01","https://www.isover.ch/de/solutions/24-100","Description Unité 1 Unité 2 Variant 1 Variant 2 Variant 3 Variant 4 Variant 5 Variant 6 ISOCONFORT 032 PR d [mm] 120 120 120 120 140 160 ISOPONTE 032 d [mm] 60 80 100 120 120 120 Wärmeschutz im Winter und Sommer ** ** ** *** *** *** Wärmedurchgangskoeffizient:"
"1893","2018-07-31","internetbasiert","Opel-Chef bestätigt: Kompakt-Elektroauto Ampera-e bleibt im Angebot. ecomento.de, 2018-07-31","https://ecomento.de/2018/07/31/opel-chef-bestaetigt-elektroauto-ampera-e-bleibt-im-angebot/","wie man sieht, gibt es knapp 3000 in Europa mit Norwegen und wer jetzt große Augen machen will, der schaut mal bei der US variante von Mobile de rein."
"1894","2019-11-13","internetbasiert","UKW006 Brexit: Dead in a ditch. UKW, 2019-11-13","https://ukw.fm/ukw006-dead-in-a-ditch/","[...] mitgliedstaaten der eu haben so dann.Ernsthaft mit boris johnson dann so so verhandelt aber die eu hat johnson,relativ wenig gegeben also weil in was für ein tier gekriegt hat war mehr oder weniger den deal was.Vorgeschlagen wurde in zwanzig siebzehnplus einige änderungen einige so abschnitte zum umwelt standards und arbeite standards in etwas schwächer geworden die befindet sich jetzt in der politische dekoration und nicht in den rechtlichen verbindeaustritts vertrag aber grob die eu hat.Johnson etwas angeboten aber relativ wenig also die was dieses deal ist genauso gut für die eu aus der die vorherige waren variante.Aber johnson so gesagt okay ernsthaft ich kann ich kann diese stil duschen brechen und haus am abstimmen lassen keine sorge es dann.So nach london gegangen.Hat mal wieder ein taktisches fehler gemacht ganz am ganz arme gehen,sagt man man hat er wieder bestätigt liege lieber tod im garten.As brexit nach dem einunddreißigsten oktober zu verlängern.Aber dann das britische unterhaus sondersitzung am neunzehnten oktober hack gemacht.Aber dann das britische unterhaus hat mal wieder gesagt hey moment mal so dann wir stimmen dieses deal nicht ab unter so ein [...]"
"1895","2018-06-01","internetbasiert","Alle Grundrisse auf einen Blick: Bestellen Sie unseren Hauskatalog. Hanse Haus, 2018-06-01","https://www.hanse-haus.ch/de/architektur/haus-grundrisse/haus-mit-einliegerwohnung-grundriss/","Variant 25-166, Variante 2:"
"1896","2020-02-28","internetbasiert","Opel Astra Sports Tourer - Behutsames Facelift - NewCarz.de. NewCarz.de, 2020-02-28","https://www.newcarz.de/2020/02/28/opel-astra-sports-tourer-behutsames-facelift/","Der Opel Astra ist demzufolge auch als Sports Tourer weiterhin ein ernstzunehmender Golf-Gegner – insbesondere für den Golf Variant."
"1897","2020-02-14","internetbasiert","Chiptuning mal anders – KI-basierte Tuningbox. autofakten.net, 2020-02-14","https://www.autofakten.net/4335/chiptuning-mal-anders-ki-basierte-tuningbox/","Ich habe auch mal eine Box bei Maxchip gekauft (Die Race variante) und muss sagen das ich nach nunmehr 5 Monaten immer noch sehr zufrieden bin."
"1898","2020-01-01","internetbasiert","21-600. isover.ch, 2020-01-01","https://www.isover.ch/de/solutions/21-600","Description Unité 1 Unité 2 Variant 1 Variant 2 Variant 3 Variant 4 Variant 5 Variant 6 Kassettenbreite b [mm] 333 333 333 333 333 333 CLADISOL 032 d [mm] 80 100 120 80 100 120 PB F 030 d [mm] 80 80 80 100 100 100 Wärmeschutz im Winter und Sommer * * * * * * Wärmedurchgangskoeffizient:"
"1899","2019-06-05","internetbasiert","Klinische FragestellungNeuropathie, hereditäre sensible + autonome, infantile/juvenile; Differentialdiagnose. Amedes Genetics, 2019-06-05","https://www.amedes-genetics.de/krankheiten/krankheit/detail/neuropathie-hereditaere-sensible-autonome-infantilejuvenile-differentialdiagnose.html","Allelic: Fabry disease, cardiac variant (GLA)"
"1900","2020-01-01","internetbasiert","Der Volkswagen Golf Variant: Der Allrounder. heisel.de, 2020-01-01","https://www.heisel.de/der-volkswagen-golf-variant-der-allrounder/","Die Leichtmetallräder unterstreichen auf jeden Fall die sportliche Natur des Golf Variant."
"1901","2020-01-01","internetbasiert","Testberichte 1970. vw-411.de, 2020-01-01","http://vw-411.de/Testberichte-1970/","Vergleichstest Variant 1600 - Variant 411:"
"1902","2018-04-12","internetbasiert","Deutsche Telekom beteiligt sich am israelischen IoT-Startup Axonize. 0800hardware.de, 2018-04-12","http://0800hardware.de/deutsche-telekom-beteiligt-sich-am-israelischen-iot-startup-axonize/","Small (45mm x 18mm), robust and powerful board; 3.3V variant of the Nano family."
"1903","2020-11-16","internetbasiert","VWs Elektro-Kombi kommt erst 2023, dafür mit 700 Kilometer Reichweite. ecomento.de, 2020-11-16","https://ecomento.de/2020/11/16/vw-elektroauto-kombi-aero-b-space-vizzion-2023-700-kilometer-reichweite/","(golf variant, oktavia variant, A4 variant)."
"1904","2020-10-22","internetbasiert","LINDA HALLBERG - MY BEAUTY LIGHT. MY BEAUTY LIGHT, 2020-10-22","https://my-beauty-light.de/ritterschlag-von-make-up-pro-linda-hallberg","„Let’s start with the simplest variant “To go” basic edition, it’s a bright fluorescent lamp with attached suction plugs so you can put it on any mirror."
"1905","2020-10-05","internetbasiert","Bodenarbeitsseil Dünn - Prices from 51.60 to 58.75. Bataliru, 2020-10-05","https://bataliru.de/products/bodenarbeitsseil-dunn-prices-from-51-60-to-58-75","[...] Hundehalsband Knotenhalfter Material & Farben Material Farben Gutschein Alle Produkte Suchen Suchen Einloggen Einkaufswagen Home Hund Hund Menü Hund Alles Halsbänder Leinen Anhänger Pferde Pferde Menü Pferde Alles Arbeitsseile Halsringe Knotenhalfter Zügel Anhänger Mensch Messanleitung Messanleitung Menü Messanleitung Hundehalsband Knotenhalfter Material & Farben Material & Farben Menü Material & Farben Material Farben Gutschein Alle Produkte Bodenarbeitsseil Dünn - Prices from 51.60 to 58.75 Normaler Preis €51,60 Sonderpreis €51,60 Angebot inkl. MwSt. zzgl. Versandkosten Title Variant for price 51.6 Variant for price 52 Variant for price 52.1 Variant for price 52.2 Variant for price 52.45 Variant for price 52.55 Variant for price 52.65 Variant for price 53.05 Variant for price 53.15 Variant for price 53.25 Variant for price 53.5 Variant for price 53.6 Variant for price 53.7 Variant for price 54.1 Variant for price 54.2 Variant for price 54.55 Variant for price 54.65 Variant for price 54.75 Variant for price 55.15 Variant for price 55.25 Variant for price 55.6 Variant for price 55.7 Variant for price 56.2 Variant for price 56.65 Variant for price 56.75 Variant for price 57.25 Variant for price 57.7 Variant for price 58.75 Variant for price 51.6 Variant for price 52 Variant for price 52.1 Variant [...]"
"1906","2018-02-21","internetbasiert","[aufgebraucht und aussortiert] jänner 2018. mademoiselles-beautyblog.blogspot.com, 2018-02-21","http://mademoiselles-beautyblog.blogspot.com/2018/02/aufgebraucht-und-aussortiert-janner-2018.html","| batiste trockenshampoo fresh [neutral] (*) hat funktioniert, für meinen geschmack aber zu viele rückstände im haar hinterlassen. mochte ich von allen getesteten varianten am wenigsten."
"1907","2018-11-15","internetbasiert","Geprügelte Kurse, leere Konten, volle Schränke: Was du besser machen kannst - Tim Schäfer Media. Tim Schäfer Media, 2018-11-15","https://timschaefermedia.com/gepruegelte-kurse-leere-konten-volle-schraenke-was-du-besser-machen-kannst/","Die Light variante kann auch noch getrimmt werden mega ligt und am Ende Nikotinfrei."
"1908","2020-06-04","internetbasiert","Geschwindigkeit nordvpn vs expressvpn – Nordvpn | 50% Rabatt. Bester VPN-Vergleicher, 2020-06-04","http://minecraftopia.de/geschwindigkeit-nordvpn-vs-expressvpn-nordvpn-50-rabatt/","Wo hotspot shield erzielt wurde, kann gehacked werden, haben raubkopierer ihre 3-tägige kostenlose variante eines vpns für einen punkt einer der dienst ist chrome nordvpn set standard land absolut sicher im test standhält."
"1909","2019-11-14","internetbasiert","FS243 Das Schnarchen der Anderen. Freak Show, 2019-11-14","https://freakshow.fm/fs243-das-schnarchen-der-anderen","Okay aber da gibt es kein spezifische hochzeits- variante."
"1910","2020-07-13","internetbasiert","Volkswagen Golf VII 1,0 TSI BM JOIN Variant - KFZ Brüning. KFZ Brüning, 2020-07-13","https://www.bruening-kfz.de/fahrzeuge/volkswagen-golf-vii-10-tsi-bm-join-variant/","Gesamtlaufleistung 100.000 km Einparkhilfe vorn und hinten Rückleuchten in LED-Technik Variant Frontscheibe in Wärmeschutzglas Multifunktions-Lederlenkrad Komfortsitze vorn Lendenwirbelstützen vo."
"1911","2019-10-10","internetbasiert","Ins Netz gegangen (10.10.) | »Nächstens mehr.«. »Nächstens mehr.«, 2019-10-10","https://matthias-mader.de/medien/ins-netz-gegangen-10-10-3/","Serialize it!| jungle world → noch einmal georg seeßlen, dieses mal mit einem rundumschlag zu den (neuen) serien udn ihren eroflgen, ihren mthoden, varianten und bedingungen, aber auch ihrer (echten oder vermeintlichen) neuartigkeit"
"1912","2018-04-01","internetbasiert","Pietra Di Beola. creativ-hafner.at, 2018-04-01","http://www.creativ-hafner.at/portfolio/pietra-di-beola/","[ult_createlink title=”JETZT ANFRAGEN” link_hover_style=”Style_5″ text_color=”#777777″ border_color=”#777777″ border_size=”1″ text_style=”right” font_family=”font_family:Montserrat|font_call:Montserrat|variant:200″ heading_style=”font-weight:200;” title_font_size=”desktop:15px;” title_line_ht=”desktop:28px;”]"
"1913","2020-02-19","internetbasiert","Bauleitpläne im Verfahren. Stadt Norderstedt, 2020-02-19","https://www.norderstedt.de/Wirtschaft-und-Entwicklung/Stadtplanung-und-Bauen/Bebauungspläne-und-sonst-Satzungen/Bauleitpläne-im-Verfahren?La=1&NavID=1087.310","B313-Strukturskizze Variante 4"
"1914","2020-12-01","internetbasiert","JADA JOYCE. Galerie Roschlaub GmbH, 2020-12-01","https://galerie-roschlaub.com/products/jada-joyce","[...]:\/\/cdn.shopify.com\/s\/files\/1\/0515\/1807\/9168\/products\/Jada_Joyce_1170x1170_7c42866b-31ac-49fc-951f-072b2f89cfd5.jpg?v=1606848877"",""width"":936}],""requires_selling_plan"":false,""selling_plan_groups"":[],""content"":""\u003cmeta charset=\""utf-8\""\u003e\n\u003cp data-mce-fragment=\""1\""\u003egerahmt\u003c\/p\u003e\n\u003cp data-mce-fragment=\""1\""\u003eLimitierte Auflage (10), signiert\u003c\/p\u003e""};GRFQCollection[6094118879424]['collection'] = [];GRFQCollection[6094118879424][""collection""].push('237329547456'); Variante auswählen gerahmt Limitierte Auflage (10), signiertLesen Sie mehr gerahmt Limitierte Auflage (10), signiert Teilen [...]"
"1915","2020-01-01","internetbasiert","32-210. isover.ch, 2020-01-01","https://www.isover.ch/de/solutions/32-210","[...] Description Unité 1 Unité 2 Variant 1 Variant 2 Variant 3 Variant 4 Variant 5 Variant 6 Zementestrich d [mm] 70 70 100 100 ISOCALOR d [mm] 32 43 32 43 Wärmeschutz im Winter Wärmedurchgangskoeffizient U [W/(m2 K)] 0.86 0.68 0.86 0.68 Wärmeschutz im Sommer Wärmespeicherfähigkeit (mit Rsi) κi,oben [Wh/m2 K)] 13 13 13 13 Wärmespeicherfähigkeit (mit Rsi) κi,unten [Wh/m2 K)] 19 19 19 19 Schalldämmung Bewertetes Schalldämm-Mass Rw [dB] 62 62 62 62 Spektrum-Anpassungswerte (C;Ctr) [...]"
"1916","2018-04-01","internetbasiert","Restposten. creativ-hafner.at, 2018-04-01","http://www.creativ-hafner.at/restposten/","[...]color=”#000000″ btn_bg_hover_color=”#606060″ modal_on_align=”left” btn_text=”JETZT ANFRAGEN” modal_size=”medium” modal_style=”overlay-fade” overlay_bg_opacity=”80″ content_bg_color=”#f2f2f2″ header_bg_color=”#000000″ img_size=”80″ header_text_color=”#ffffff” content_text_color=”#000000″ btn_txt_color=”#ffffff” header_font=”font_family:Montserrat|font_call:Montserrat|variant:200″ header_font_style=”font-weight:200;” header_font_size=”desktop:26px;” content_font=”font_family:Montserrat|font_call:Montserrat|variant:200″ content_font_style=”font-weight:200;” content_font_size=”desktop:16px;”] [...]"
"1917","2020-04-14","internetbasiert","Mr Masey Deep Wood Cologne. soulobjects.de, 2020-04-14","https://soulobjects.de/products/mr-masey-deep-wood-cologne","This variant is currently sold out."
"1918","2020-11-01","internetbasiert","Die VW Golf Familie. Autohaus Vögler, 2020-11-01","https://voegler.de/auto-kaufen/neuwagen-modelle/die-golf-familie","Ob als Variant, GTI, Kurzheck oder GTE – Golf fahren ist Lebensfreude pur."
"1919","2018-09-20","internetbasiert","So verkaufen sich Premium-Smartphones auf der Welt. Caschysblog, 2018-09-20","https://stadt-bremerhaven.de/so-verkaufen-sich-premium-smartphones-auf-der-welt/","Denke ich auch, ich hätte mir noch eine 2000€ variante gewünscht nur um Leuten die unbedingt ein Statussymbol brauchen auch noch das Geld leicht und bequem aus der Tasche ziehen zu können."
"1920","2020-01-01","internetbasiert","Matador MPS 125 235/65 R16 121 N. Autoreifenfinder, 2020-01-01","https://www.autoreifenfinder.ch/matador/mps-125/235-65-r16-121n-94085/","Matador MPS 125 Variant ( 235/65 R16C 121/119N Doppelkennung 118R)"
"1921","2020-08-03","internetbasiert","Kastensystem. SHG Rolladen-Systeme GmbH, 2020-08-03","https://www.shginfo.de/rollladen-sonnenschutz-insektenschutz-garagentore-produkt/kastensystem/","Ein wesentliches Unterscheidungsmerkmal für Ihren Kunden ist, dass beim Variant 2.0 vorher entschieden werden muss, ob der Insektenschutz integriert werden soll."
"1922","2020-01-01","internetbasiert","Matador MPS 400 Variant All Weather 2 195/65 R16 104 T. Autoreifenfinder, 2020-01-01","https://www.autoreifenfinder.ch/matador/mps-400-variant-all-weather-2/195-65-r16-104t-149432/","Matador MPS 400 Variant All Weather 2 195/65 R16 104 T"
"1923","2020-07-20","internetbasiert","VW Golf Leasing Angebote ohne Anzahlung - Jetzt VW Golf leasen!. dmf-leasing.com, 2020-07-20","https://www.dmf-leasing.com/leasing/vw/vw-golf/","Der Kombi wird offiziell als Variant vermarktet."
"1924","2019-02-26","internetbasiert","Autovermietung: Unsere Modelle - Tepass Mobility GmbH. Tepass Mobility, 2019-02-26","https://potsdam-taxi.de/fahrzeuge/","Hier finden Sie die Auswahl des Fahrzeugtyps – Volkswagen Passat Variant."
"1925","2019-12-20","internetbasiert","Soziales Engagement - Koch Auto.Gruppe. Koch Auto.Gruppe, 2019-12-20","https://koch-autogruppe.de/unternehmen/soziales-engagement/","Für das Jahr 2018 erhält die Erlacher Höhe vom Schwäbisch Haller Autohaus Koch einen VW Golf Variant, dass diesen für ein Jahr kostenfrei nutzen kann."
"1926","2019-04-29","internetbasiert","OMAN - Kultur und Baden. ABGRAZANWELT, 2019-04-29","https://abgrazanwelt.at/kultur-und-baden-im-oman/traumziele/","VARIANTE A VARIANTE B"
"1927","2020-01-01","internetbasiert","Wini Winea Matrix container. onform.de, 2020-01-01","https://www.onform.de/produkte/burosysteme/container/wini-matrix-rollcontainer/","Für eine anspruchsvolle Büroeinrichtung bietet WINEA MATRIX optimale Möglichkeiten der Technikintegration: Individualisierbare Technikcontainer in verschiedenen Ausstattungs- varianten kombinieren den klassischen Schreibtischcontainer mit belüftetem Stauraum für CPU und ausziehbarem Druckerfach."
"1928","2018-05-31","internetbasiert","VW Passat Variant: Den neuen Volkswagen bewundern. Auto-Kombi, 2018-05-31","https://www.kombi.de/vw-passat-variant/","Die Ausstattungen beim VW Passat Variant im Überblick"
"1929","2019-10-18","internetbasiert","Wilde Hagebutten ernten – alles, was du wissen musst. Blog für vegane Rezepte, Fair Fashion, Nachhaltigkeit uvm., 2019-10-18","https://justinekeptcalmandwentvegan.com/2019/10/hagebutten-ernten-trocknen/","es gibt noch eine variante: oxymel= honig, apfelessig hagenbutten wasser."
"1930","2019-01-14","internetbasiert","Is CBD een mogelijke behandeling tegen migraine?. Royal Queen Seeds, 2019-01-14","https://www.royalqueenseeds.nl/blog-is-cbd-een-mogelijke-behandeling-tegen-migraine-n1094","Dat is een variant die tussen de 4–72 uur aanhoudt."
"1931","2019-12-09","internetbasiert","Neuwagen-Lieferzeiten. carwow.de, 2019-12-09","https://www.carwow.de/neuwagen-lieferzeiten","Modell Lieferzeit up! 5 Monate e-up! 11 Monate e-Golf Nicht mehr bestellbar Golf 8 2 Monate Golf Sportsvan 3 Monate ID.3 1st Edition 3 Monate Passat 3 Monate Passat Variant 3 Monate Passat GTE 3 Monate Passat GTE Variant 3 Monate Polo 3 Monate Sharan 4 Monate Tiguan 3 Monate Tiguan Allspace 5 Monate Touareg 3 Monate Touran 2 Monate T-Cross 5-6 Monate T-Roc 5-6 Monate T-Roc Cabrio 4 Monate"
"1932","2018-06-05","internetbasiert","BullGuard stellt ersten IoT Schwachstellenscanner für Telekommunikationsanbieter vor. 0800hardware.de, 2018-06-05","http://0800hardware.de/bullguard-stellt-ersten-iot-schwachstellenscanner-fuer-telekommunikationsanbieter-vor/","Small (45mm x 18mm), robust and powerful board; 3.3V variant of the Nano family."
"1933","2020-05-06","internetbasiert","Effizientes Codieren. Access im Unternehmen, 2020-05-06","https://access-im-unternehmen.de/Effizientes_Codieren/","Der Datentyp Variant ist der flexibelste aller Datentypen."
"1934","2018-06-28","internetbasiert","Samsung Galaxy S10 soll in drei Versionen kommen. Testberichte, News, Tablets & Smartphones, 2018-06-28","https://www.appdated.de/2018/06/samsung-galaxy-s10-soll-in-drei-versionen-kommen/","According to The Bell, the most powerful Galaxy S10 variant, the Galaxy S10 Plus, will ship with a 6.44-inch display, while the entry-level model may sport a 5-inch panel."
"1935","2019-01-18","internetbasiert","Tesla gibt weiteren Stellenabbau bekannt: ""Extrem schwierige Herausforderung"". ecomento.de, 2019-01-18","https://ecomento.de/2019/01/18/tesla-gibt-weiteren-stellenabbau-bekannt-extrem-schwierige-herausforderung/","Ich glaube es kommen jetzt kaum noch bestellungen für die teuren bestellbaren varianten nach. Weltweit !"
"1936","2020-08-04","internetbasiert","Forum Internet Service Backes. internet-service-backes.de, 2020-08-04","https://www.internet-service-backes.de/forum/index.php?topic=153.0","ich frage mich, ob der bereicht // Vat Check überhaupt noch gebraucht wird, denn weiter unten kommt // New VAT Check, wo der test in eine klasse ausgelagert ist... scheint ein fehler zu sein, denn die vat-überprüfung läuft auch, wenn man die ""alte"" variante ausklammert... entweder alles per kommentar rauswerfen, oder die if abfrage von ""!= '6') "" auf ""== '99999') "" ändern... gruss rené ps: der fehler tritt bei mir übrigens auch auf..."
"1937","2020-10-05","internetbasiert","Bodenarbeitsseil Dünn - Prices from 51.60 to 58.75. Bataliru, 2020-10-05","https://bataliru.de/products/bodenarbeitsseil-dunn-prices-from-51-60-to-58-75","[...] Variant for price 53.25 Variant for price 53.5 Variant for price 53.6 Variant for price 53.7 Variant for price 54.1 Variant for price 54.2 Variant for price 54.55 Variant for price 54.65 Variant for price 54.75 Variant for price 55.15 Variant for price 55.25 Variant for price 55.6 Variant for price 55.7 Variant for price 56.2 Variant for price 56.65 Variant for price 56.75 Variant for price 57.25 Variant for price 57.7 Variant for price 58.75 Variant for price 51.6 Variant for price 52 Variant for price 52.1 Variant for price 52.2 Variant for price 52.45 Variant for price 52.55 Variant for price 52.65 Variant for price 53.05 Variant for price 53.15 Variant for price 53.25 Variant for price 53.5 Variant for price 53.6 Variant for price 53.7 Variant for price 54.1 Variant for price 54.2 Variant for price 54.55 Variant for price 54.65 Variant for price 54.75 Variant for price 55.15 Variant for price 55.25 Variant for price 55.6 Variant for price 55.7 Variant for price 56.2 Variant for price 56.65 Variant for price 56.75 Variant for price 57.25 Variant for price 57.7 Variant for price 58.75 In den Einkaufswagen legen Teilen Auf Facebook teilen Twittern Auf Twitter twittern Pinnen [...]"
"1938","2020-09-23","internetbasiert","DER WELTKRIEG mit todbringenden manipulierten Viren geht in die zweite Phase. Conservo, 2020-09-23","https://conservo.wordpress.com/2020/09/23/der-weltkrieg-mit-todbringenden-manipulierten-viren-geht-in-die-zweite-phase/","The shift occurred even in local epidemics where the original D614 form was well established prior to introduction ft he G614 variant."
"1939","2018-09-24","internetbasiert","Symbol per API erstellen. Suplanus, 2018-09-24","https://suplanus.de/symbol-per-api-erstellen/","Kleiner Handstand um die Group von der Variant zu bekommen."
"1940","2018-04-23","internetbasiert","Pflegeview mit Datennavigation. Tricktresor, 2018-04-23","https://tricktresor.de/blog/pflegeview-mit-datennavigation/","* create hierarchy CALL METHOD mo_tree->set_table_for_first_display EXPORTING i_save = 'A' is_variant = value #( report = sy-repid username = sy-uname ) i_structure_name = ms_tvdir-tabname it_grouplevel_layout = lt_grouplevel CHANGING it_sort = mt_sort it_outtab = <lt_data>. ""expand first level mo_tree->expand_tree( 1 )."
"1941","2020-01-01","internetbasiert","23-300. isover.ch, 2020-01-01","https://www.isover.ch/de/solutions/23-300","Description Unité 1 Unité 2 Variant 1 Variant 2 Variant 3 Variant 4 Variant 5 Variant 6 PB M KRAFT 035 d [mm] 120 140 160 Wärmeschutz im Winter und Sommer * ** ** Wärmedurchgangskoeffizient U [W/(m2 K)] 0.22 0.20 0.18 Wärmeschutz im Sommer Wärmespeicherfähigkeit (mit Rsi) κi [Wh/m2 K)] 12 12 12 Schalldämmung Bewertetes Schalldämm-Mass Rw ca. [dB] 58 58 59 Ökologie Umweltbelastungspunkte UBP [Pt/(m2 a)] 828 841 854 Anteil Dämmung – [%] 10 12 13"
"1942","2020-08-03","internetbasiert","Labornetzteil 24V 10A Ersatzteilversand. forum.electronicwerkstatt.de, 2020-08-03","https://forum.electronicwerkstatt.de/phpBB/Projekte_im_Selbstbau/labornetzteil_24v_10a-t106481f34_bs0.html","Zitat : ein Labornetzteil mit eiem oder meheren B3370V (DDR variante vom Lm317)"
"1943","2020-01-01","internetbasiert","Corporate-Design Markus Popp. pundr.at, 2020-01-01","https://www.pundr.at/corporate-design-markus-popp","Divers variantes of both elements allow fullest creativity for covers, posters etc."
"1944","2019-05-24","internetbasiert","Passat Variant | Volkswagen Modelle | Voets Autozentrum. Voets Autozentrum Magdeburg, 2019-05-24","https://www.voets-magdeburg.de/unsere-modelle/volkswagen-passat-variant/","Egal ob Fußgängererkennung oder Stauassistent, der Passat Variant passt auf."
"1945","2018-04-18","internetbasiert","Hobbys,Bastelarbeiten,kreative Freizeitgestaltung » Meine Lederarbeiten. KRAWALLFORUM, 2018-04-18","http://www.krawallforum.de/t647f123-Meine-Lederarbeiten.html","[...] kann ich ihr basteln. pappel hab ich noch da und leder für den riemen oder die kappe kann ich bestimmt besorgen. ich werd mich dann mal zwecks der größe bei euch auf deinem markt melden. ich bau mir auch grad welche und daher ist das kein ding. ich will so holzpantinen für über die fußlappen basteln... ist ziemlich die einfachste variante von wasserfesten und warmen füßen im winter, die man selber bauen kann. kosten tut das eigentlich auch fast nix, da das alles aus resten gemacht werden kann und trotzdem nicht sch... aussieht [...]"
"1946","2019-04-15","internetbasiert","Für Überraschungen gut. Profi Online, 2019-04-15","https://www.profi.de/test/aus-dem-heft/fuer-ueberraschungen-gut-11686025.html","weitDie Claas Variant 485 RC Pro hat vor zwei Jahren das Erbe der 385er Variant angetreten."
"1947","2018-04-10","internetbasiert","Bleaching Zähne Worauf ist vor einem Bleaching zu achten. Zahnarzt Dinkelsbühl, 2018-04-10","https://xn--zahnarzt-dinkelsbhl-mbc.de/bleaching-zaehne/","Das bei sauerstoff variante kostet putzen bei auch der sich und auch."
"1948","2020-03-02","internetbasiert","Alvi Sleep-Overall light Schlafsack mit Füßen Baby Forest | Kinderhaus Blaubär. kinderhaus-blaubaer.de, 2020-03-02","https://www.kinderhaus-blaubaer.de/alvi-sleep-overall-light-schlafsack-mit-fuessen-baby-forest_34815_56422","[...] { _tsRatingConfig = { tsid : 'X0C74C395F78C2D0663798C126CCFC286', element : '#ts_review_sticker', variant : 'testimonial', reviews : '5', betterThan : '3.0', richSnippets : 'on', backgroundColor : '#FFDC0F', linkColor : '#000000', quotationMarkColor : '#FFFFFF', fontFamily : 'Arial', reviewMinLength : '10' }; var scripts = document.getElementsByTagName('SCRIPT'), me = scripts[scripts.length - 1]; var _ts = document.createElement('SCRIPT'); _ts.type = 'text/javascript'; _ts.async = true; _ts.src = '//widgets.trustedshops.com/reviews/tsSticker/tsSticker.js'; me.parentNode.insertBefore(_ts, me); _tsRatingConfig.script = _ts; })(); [...]"
"1949","2020-01-01","internetbasiert","21-630. isover.ch, 2020-01-01","https://www.isover.ch/de/solutions/21-630","Description Unité 1 Unité 2 Variant 1 Variant 2 Variant 3 Variant 4 Variant 5 Variant 6 Kassettenbreite b [mm] 500 600 600 ISOLENE P 032 d [mm] 20 20 20 CLADISOL 032 d [mm] 140 120 140 Wärmeschutz im Winter und Sommer Wärmedurchgangskoeffizient:"
"1950","2018-04-16","internetbasiert","2x BLUETECH® Kennzeichenbeleuchtung (VW). ALP Handels GmbH, 2018-04-16","https://alp-handels.de/products/2x-bluetech%c2%ae-kennzeichenbeleuchtung-vw","VW Golf 6 (ab Baujahr 2008, nur 3-trg und Limousine, nicht Variant)"
"1951","2019-12-19","internetbasiert","Theraline Schlaf- und Nackenkissen mittel | Kinderhaus Blaubär. kinderhaus-blaubaer.de, 2019-12-19","https://www.kinderhaus-blaubaer.de/theraline-schlaf-und-nackenkissen-mittel_34377_53898","[...] { _tsRatingConfig = { tsid : 'X0C74C395F78C2D0663798C126CCFC286', element : '#ts_review_sticker', variant : 'testimonial', reviews : '5', betterThan : '3.0', richSnippets : 'on', backgroundColor : '#FFDC0F', linkColor : '#000000', quotationMarkColor : '#FFFFFF', fontFamily : 'Arial', reviewMinLength : '10' }; var scripts = document.getElementsByTagName('SCRIPT'), me = scripts[scripts.length - 1]; var _ts = document.createElement('SCRIPT'); _ts.type = 'text/javascript'; _ts.async = true; _ts.src = '//widgets.trustedshops.com/reviews/tsSticker/tsSticker.js'; me.parentNode.insertBefore(_ts, me); _tsRatingConfig.script = _ts; })(); [...]"
"1952","2019-04-10","internetbasiert","VW Golf Ankauf - VW Golf verkaufen bei Autoankauf - Auto Ankauf Export. Auto Ankauf Export, 2019-04-10","https://www.auto-ankauf-export.de/meistverkaufte-gebrauchtwagen/vw-golf-ankauf-vw-golf-verkaufen-bei-autoankauf/","Weitere Varianten gehören ein 5-Türer, Kombi / Kombi (Variant, ab 1993), Cabrio (Cabriolet und Cabrio , 1979-2002, 2011 – heute) und eine Stufenheck Limousine / Sedan, bekannt als Volkswagen Jetta, Volkswagen Vento oder Volkswagen Bora (ab 1999)."
"1953","2019-11-14","internetbasiert","Anleitung: Variable Produkte in WooCommerce anlegen - MarketPress. MarketPress, 2019-11-14","https://marketpress.de/woocommerce-variable-produkte/","Ich habe folgendes problem: sobald ich mehr als 30 varianten erstelle, wir auf den onlinshop die varianten nicht selektiert bei der auswahl."
"1954","2020-06-12","internetbasiert","10kw Anlage mit Modulwechselrichter?. Forume, 2020-06-12","https://forume.ch/t/10kw-anlage-mit-modulwechselrichter/984","Ich möchte das „mechanische“ selber montieren und für dies erachte ich die variante als einfacher."
"1955","2018-08-27","internetbasiert","Samsung Galaxy S10 – Samsung plant eine neue Farbpalette. Testberichte, News, Tablets & Smartphones, 2018-08-27","https://www.appdated.de/2018/08/samsung-galaxy-s10-modelle-koennten-auch-in-silber-und-gruen-erscheinen/","The Galaxy S10 Plus is said to sport three cameras on its back, while the small Galaxy S10 variant will stick to one rear-facing camera."
"1956","2018-05-06","internetbasiert","Tike Shuffle gratis Golden Euro Casino Lebensunterhalt verdienen. kielspratineurope.eu, 2018-05-06","https://kielspratineurope.eu/category-euro/17-08-2019-7589.php","Zusatz-dreingabe bei rund wettshops in beiden varianten letztendlich vorzufinden."
"1957","2018-05-23","internetbasiert","Sofort Dispo ohne Gehaltseingang » Bei diesen 6 Banken geht's. Kredite.org, 2018-05-23","https://www.kredite.org/news/sofort-dispo-ohne-gehaltseingang/","Fazit: ING-DiBa ist beste variante"
"1958","2020-10-05","internetbasiert","Bodenarbeitsseil Dünn - Prices from 51.60 to 58.75. Bataliru, 2020-10-05","https://bataliru.de/products/bodenarbeitsseil-dunn-prices-from-51-60-to-58-75","[...] Variant for price 58.75 Variant for price 51.6 Variant for price 52 Variant for price 52.1 Variant for price 52.2 Variant for price 52.45 Variant for price 52.55 Variant for price 52.65 Variant for price 53.05 Variant for price 53.15 Variant for price 53.25 Variant for price 53.5 Variant for price 53.6 Variant for price 53.7 Variant for price 54.1 Variant for price 54.2 Variant for price 54.55 Variant for price 54.65 Variant for price 54.75 Variant for price 55.15 Variant for price 55.25 Variant for price 55.6 Variant for price 55.7 Variant for price 56.2 Variant for price 56.65 Variant for price 56.75 Variant for price 57.25 Variant for price 57.7 Variant for price 58.75 In den Einkaufswagen legen Teilen Auf Facebook teilen Twittern Auf Twitter twittern Pinnen Auf Pinterest pinnen Teilen Auf Facebook teilen Twittern Auf Twitter twittern Pinnen Auf Pinterest pinnen [...]"
"1959","2020-06-17","internetbasiert","Preise für VW ID.3 1st starten bei 39.995 Euro. ecomento.de, 2020-06-17","https://ecomento.de/2020/06/17/vw-id-3-1st-kostet-ab-39-995-euro/","Das ist nicht der grundpreis, sondern der preis für die günstigste variante der 1st. edition."
"1960","2018-07-01","internetbasiert","Scuderia NSU Süddeutschland e.V. - NSU K70. Scuderia NSU Süddeutschland e.V., 2018-07-01","https://www.scuderia-nsu.de/nsu-historie/nsu-modellpalette-auto/nsu-k70/","Der bereits fertiggestellte Entwurf der Kombiversion wurde nicht umgesetzt, da zu dem hauseigenen VW 411 Variant kein Konkurrenzmodell entstehen sollte."
"1961","2019-02-04","internetbasiert","Genanalysen zeigen: Erbgut beeinflusst Blutglukosereaktion – Träger einer Variante im Glukosetransporter-Gen sprechen besser auf Metformin an - Deutsches Diabetes-Zentrum (DDZ). Deutsches Diabetes-Zentrum (DDZ), 2019-02-04","https://ddz.de/genanalysen-blutglukosereaktion/","Quelle: Rathmann W et al. A variant of the glucose transporter gene SLC2A2 modifies the glycaemic response to metformin therapy in recently diagnosed type 2 diabetes."
"1962","2018-01-16","internetbasiert","Cocktails – immer ein Genuss - everaldo.de. everaldo.de, 2018-01-16","https://www.everaldo.de/cocktails-immer-ein-genuss/","Als neuere variante gibt es einteilige Shaker, welche direkt über das Glas gedrückt werden, sodass nach dem Shaken das gemisch direkt im Glas serviert werden kann."
"1963","2020-01-01","internetbasiert","VW Golf R Variant: Erobert Grenzbereiche. Volkswagen Österreich, 2020-01-01","https://www.volkswagen.at/service-zubehoer/vorgaengermodelle/golf-r-variant-2019","Das Design des Innenraums nimmt es locker mit den Versprechen des Äußeren auf: Mit den Top-Sportsitzen, ansprechenden Details aus Leder und einem präsenten R-Logo wird jede Fahrt im Golf R Variant zu einem besonderen Erlebnis."
"1964","2020-10-05","internetbasiert","Bodenarbeitsseil Dünn - Prices from 51.60 to 58.75. Bataliru, 2020-10-05","https://bataliru.de/products/bodenarbeitsseil-dunn-prices-from-51-60-to-58-75","[...] Variant for price 54.65 Variant for price 54.75 Variant for price 55.15 Variant for price 55.25 Variant for price 55.6 Variant for price 55.7 Variant for price 56.2 Variant for price 56.65 Variant for price 56.75 Variant for price 57.25 Variant for price 57.7 Variant for price 58.75 Variant for price 51.6 Variant for price 52 Variant for price 52.1 Variant for price 52.2 Variant for price 52.45 Variant for price 52.55 Variant for price 52.65 Variant for price 53.05 Variant for price 53.15 Variant for price 53.25 Variant for price 53.5 Variant for price 53.6 Variant for price 53.7 Variant for price 54.1 Variant for price 54.2 Variant for price 54.55 Variant for price 54.65 Variant for price 54.75 Variant for price 55.15 Variant for price 55.25 Variant for price 55.6 Variant for price 55.7 Variant for price 56.2 Variant for price 56.65 Variant for price 56.75 Variant for price 57.25 Variant for price 57.7 Variant for price 58.75 In den Einkaufswagen legen Teilen Auf Facebook teilen Twittern Auf Twitter twittern Pinnen Auf Pinterest pinnen Teilen Auf Facebook teilen Twittern Auf Twitter twittern Pinnen Auf Pinterest pinnen [...]"
"1965","2018-10-29","internetbasiert","Samsung Galaxy S10 – die Front-Kamera könnte im Display verbaut werden. Testberichte, News, Tablets & Smartphones, 2018-10-29","https://www.appdated.de/2018/10/samsung-galaxy-s10-neuer-report-zeigt-wichtige-neuerungen/","The Galaxy S10 Plus is said to sport three cameras on its back, while the small Galaxy S10 variant will stick to one rear-facing camera."
"1966","2018-11-01","internetbasiert","Eine Säge für alles. heimwerker-test.de, 2018-11-01","https://www.heimwerker-test.de/test/vergleichstest/seite1_16333","Außerdem kommt auch ein wenig die persönliche Vorliebe für die eine oder andere Griff variante zum Tragen."
"1967","2018-11-23","internetbasiert","Fototische. studiotische.de, 2018-11-23","https://www.studiotische.de/Fototische","Topstativ am Variant Maxi für Aufnahmen von oben"
"1968","2020-10-05","internetbasiert","Bodenarbeitsseil Dünn - Prices from 51.60 to 58.75. Bataliru, 2020-10-05","https://bataliru.de/products/bodenarbeitsseil-dunn-prices-from-51-60-to-58-75","[...] Material & Farben Material & Farben Menü Material & Farben Material Farben Gutschein Alle Produkte Bodenarbeitsseil Dünn - Prices from 51.60 to 58.75 Normaler Preis €51,60 Sonderpreis €51,60 Angebot inkl. MwSt. zzgl. Versandkosten Title Variant for price 51.6 Variant for price 52 Variant for price 52.1 Variant for price 52.2 Variant for price 52.45 Variant for price 52.55 Variant for price 52.65 Variant for price 53.05 Variant for price 53.15 Variant for price 53.25 Variant for price 53.5 Variant for price 53.6 Variant for price 53.7 Variant for price 54.1 Variant for price 54.2 Variant for price 54.55 Variant for price 54.65 Variant for price 54.75 Variant for price 55.15 Variant for price 55.25 Variant for price 55.6 Variant for price 55.7 Variant for price 56.2 Variant for price 56.65 Variant for price 56.75 Variant for price 57.25 Variant for price 57.7 Variant for price 58.75 Variant for price 51.6 Variant for price 52 Variant for price 52.1 Variant for price 52.2 Variant for price 52.45 Variant for price 52.55 Variant for price 52.65 Variant for price 53.05 Variant for price 53.15 Variant for price 53.25 Variant for price 53.5 Variant for price 53.6 Variant for price 53.7 Variant [...]"
"1969","2020-10-21","internetbasiert","Neuer Renault-Chef sicher: ""Wir können ganz vorne mitspielen bei der E-Mobilität"". ecomento.de, 2020-10-21","https://ecomento.de/2020/10/21/renault-chef-de-meo-koennen-ganz-vorne-mitspielen-bei-e-mobilitaet/","Andere haben vielleicht 3 oder 4 Motor/ Batterie varianten und sehr umfangreiche Ausstattung ."
"1970","2020-01-01","internetbasiert","Kurbelwellenrad VW 1,6 1,9 D TD. Bus-Scheune.de, Ersatzteile fuer VW Bus T3 VW Bus T4 guenstig kaufen., 2020-01-01","https://www.bus-scheune.de/weitere-VW-Classic-Modelle/Golf-III/Motor/Kurbelwellenrad-VW-1-6-1-9-D-TD::49413.html","[...]19E, 1G1) 1.6 TD 08.89 - 10.91 44 - 60 VW GOLF II (19E, 1G1) 1.6 TD 04.89 - 10.91 59 - 80 VW GOLF II (19E, 1G1) 1.6 TD 08.83 - 10.91 51 - 70 VW GOLF III (1H1) 1.9 D 11.91 - 08.97 48 - 65 VW GOLF III (1H1) 1.9 TD GTD 11.91 - 08.97 55 - 75 VW GOLF III Variant (1H5) 1.9 D 07.93 - 04.99 48 - 65 VW GOLF III Variant (1H5) 1.9 TD 07.93 - 04.99 55 - 75 VW JETTA II (19E, 1G2) 1.6 D 01.84 - 10.91 40 - 54 VW JETTA II (19E, 1G2) 1.6 TD 04.89 - 10.91 59 - 80 VW JETTA II (19E, 1G2) 1.6 TD 01.84 - 10.91 51 - 70 VW JETTA II (19E, 1G2) 1.6 TD 01.90 - 10.91 44 - 60 VW PASSAT (32B) 1.6 D 08.80 - 03.88 40 - 54 VW PASSAT [...]"
"1971","2018-05-31","internetbasiert","VW Passat Variant: Den neuen Volkswagen bewundern. Auto-Kombi, 2018-05-31","https://www.kombi.de/vw-passat-variant/","Mittlerweile hat sich der Einsatzzweck des VW Passat Variant sogar erweitert."
"1972","2019-12-22","internetbasiert","Tipps Archive - fullAccess. Fullaccess, 2019-12-22","https://www.fullaccess.de/access/tipps","Verwenden Sie in diesem Fall einfach die folgende SuchenUndErsetzen-Funktion: Function SuchenUndErsetzen(ByVal Text As Variant, _ Suchen As Variant, Ersetzen As Variant) Dim x As Integer Dim p As […]"
"1973","2018-07-18","internetbasiert","Planenanhänger-groß - Trailer Point. Trailer Point GmbH, 2018-07-18","https://www.trailer-point.de/vermietung/planenanhaenger-gross/","Vermietung Variant – gebremster Hochlader mit Planenaufbau"
"1974","2019-10-01","internetbasiert","inkludierte Tests im CatCheck - FERAGEN. FERAGEN GmbH, 2019-10-01","https://feragen.at/catcheck/inkludierte-tests-im-catcheck/","Gandolfi B, Alamri S, Darby WG, Adhikari B, Lattimer JC, Malik R, Wade CM, Lyons LA, Cheng J, Bateman JF, McIntyre P, Lamandé SR, Haase B. A dominant TRPV4 variant underlies osteochondrodysplasia in Scottish fold cats."
"1975","2019-02-08","internetbasiert","LibreOffice 6.2 ist da und führt neue NotebookBar-Oberfläche offiziell ein. Caschysblog, 2019-02-08","https://stadt-bremerhaven.de/libreoffice-6-2-ist-da-und-fuehrt-neue-notebookbar-oberflaeche-offiziell-ein/","Wenn man nicht beruflich damit arbeitet, und nicht auf den Austausch von Office Dokumenten angewiesen ist tun es die kostenlosen varianten locker."
"1976","2020-02-08","internetbasiert","MESCONF 2019 - MESCONF. MESCONF, 2020-02-08","https://mesconf.de/vergangene-events/mesconf-2019/","Apart from baselining and variant management, configuration management enables product releases, analyses of design as well as further development happening all at the same time with different configurations."
"1977","2019-02-01","internetbasiert","Elektroauto-Kaufprämie: Zwischenbilanz & Rangliste (Februar 2019). ecomento.de, 2019-02-01","https://ecomento.de/2019/02/01/elektroauto-kaufpraemie-neue-zwischenbilanz-rangliste-februar-2019/","Da müssen jetzt schnell die preisgünstigeren varianten bestellbar werden sonst wird das hier nichts mehr."
"1978","2019-01-01","internetbasiert","VARIANT Elektro-Chafer mit Domdeckel (230 V). LUCHS Direkt, 2019-01-01","https://www.luchs-direkt.de/variant-elektro-chafer-mit-domdeckel-230-v","""VARIANT Elektro-Chafer mit Domdeckel (230 V)"""
"1979","2019-02-01","internetbasiert","Jagdschule Schloss Tambach. bjv-coburg.de, 2019-02-01","https://www.bjv-coburg.de/jagdschule-tambach/","Gerne wird unsere varianten reiche Wurfscheiben-Schießanlage sowie unser Laserschießkino mit Realfilmsequenzen auch von benachbarten Ausbildungsgruppen genutzt."
"1980","2018-10-31","internetbasiert","Madagaskar 2018. Persönlicher Reisebericht von Petra Keinhorst, 2018-10-31","http://www.keinhorstontour.de/neun-länder-im-südlichen-afrika-2018-19/madagaskar-1-2018/","Die Regenzeit kommt und Hans schaut mit kritischem Blick auf das abgefahrene Reifenprofil des Golf Variant."
"1981","2018-10-26","internetbasiert","Suche. tksoft-online.de, 2018-10-26","http://www.tksoft-online.de/index.php/ms-access/codes/codeschnipsel-datum-zeit/129-letzter-tag-des-quartals","Dim x As Variant x =LastDayQuartal(#02.04.2004#)"
"1982","2019-01-01","internetbasiert","OMSI 2 Add-On Studio Polygon Lite Pack Steam Key für PC online kaufen. Gamesplanet.com, 2019-01-01","https://de.gamesplanet.com/game/omsi-2-add-on-studio-polygon-lite-pack-steam-key--2886-38","11.5m HEV First and Stagecoach Daimler Variant."
"1983","2019-07-26","internetbasiert","Der IoT-Monetarisierungsmarkt und die Hauptakteure sind Comarch, JeraSoft und Amdocs. 0800hardware.de, 2019-07-26","http://0800hardware.de/der-iot-monetarisierungsmarkt-und-die-hauptakteure-sind-comarch-jerasoft-und-amdocs-2/","The ease of use of a Nano board with the addition of secure IoT and BT connectivity Small (45mm x 18mm), robust and powerful board; 3.3V variant of the Nano family."
"1984","2019-11-08","internetbasiert","Zero Emission: VW stellt ID Space Vizzion vor. MobileGeeks Deutschland, 2019-11-08","https://www.mobilegeeks.de/news/zero-emission-vw-stellt-id-space-vizzion-vor/","Der ID. SPACE VIZZION ist ein Variant von morgen, der die aerodynamischen Eigenschaften eines Gran Turismo mit den großzügigen Raumverhältnissen eines SUV verbindet."
"1985","2020-01-01","internetbasiert","25-100. isover.ch, 2020-01-01","https://www.isover.ch/de/solutions/25-100","Description Unité 1 Unité 2 Variant 1 Variant 2 Variant 3 Variant 4 Variant 5 Variant 6 PB M 030 d [mm] 40 Wärmeschutz im Winter und Sommer Wärmedurchgangskoeffizient U [W/(m2 K)] 0.45 Wärmeschutz im Sommer Wärmespeicherfähigkeit (mit Rsi) κi [Wh/m2 K)] 16 Schalldämmung Bewertetes Schalldämm-Mass Rw [dB] 64 Spektrum-Anpassungswerte (C;Ctr)"
"1986","2020-10-18","internetbasiert","Viren, Panikmache, Macht-Mißbrauch – die zweite Corona-Welle. Conservo, 2020-10-18","https://conservo.wordpress.com/2020/10/18/viren-panikmache-macht-missbrauch-die-zweite-corona-welle/",".* G614 variant evades the host immune response, molecular modeling finds, which could complicate vaccine design“…"
"1987","2019-05-23","internetbasiert","LILLY LULAY. LILLY LULAY, 2019-05-23","https://lillylulay.de/press/","Mapfre Variantes Asimétricas, (2020 EN/ES)"
"1988","2018-03-15","internetbasiert","in-GmbH zeigt vernetzte Welten mit IoT-Plattform sphinx open online auf der HANNOVER MESSE. 0800hardware.de, 2018-03-15","http://0800hardware.de/in-gmbh-zeigt-vernetzte-welten-mit-iot-plattform-sphinx-open-online-auf-der-hannover-messe/","The ease of use of a Nano board with the addition of secure IoT and BT connectivity Small (45mm x 18mm), robust and powerful board; 3.3V variant of the Nano family."
"1989","2018-06-28","internetbasiert","Samsung Galaxy S10 soll in drei Versionen kommen. Testberichte, News, Tablets & Smartphones, 2018-06-28","https://www.appdated.de/2018/06/samsung-galaxy-s10-soll-in-drei-versionen-kommen/","The Galaxy S10 Plus is said to sport three cameras on its back, while the small Galaxy S10 variant will stick to one rear-facing camera."
"1990","2020-01-01","internetbasiert","Zerspanungsmechaniker Drehtechnik. RMM Metallbearbeitung GmbH, 2020-01-01","https://www.rmm-metallbearbeitung.de/karriere/zerspanungsmechaniker-drehtechnik/","[...] btn2_text_color=“#ffffff“ btn2_text_hovercolor=“#333333″ title_font_size=“desktop:18px;“ title_line_ht=“desktop:28px;“ btn_border_radius=“2″ btn1_heading_style=“font-weight:700;“ btn2_heading_style=“font-weight:700;“ css_dualbtn_design=“.vc_custom_1581678130098{margin-top: 0px !important;margin-bottom: 0px !important;padding-top: 0px !important;padding-bottom: 0px !important;}“ btn_width=“250″ btn1_font_family=“font_family:Roboto|font_call:Roboto|variant:700″ btn2_font_family=“font_family:Roboto|font_call:Roboto|variant:700″][/vc_column][/vc_row][vc_row equal_height=“yes“ bg_type=“bg_color“ bg_override=“full“ css=“.vc_custom_1572950423405{border-top-width: 50px !important;padding-bottom: 50px !important;}“][vc_column][vc_column_text css=“.vc_custom_1581677490237{margin-top: 30px !important;}“]Mehr als 1.000 m2 Produktionsfläche mit modernstem Maschinenpark und 20 qualifizierten Fachkräften machen uns somit zu einem produktiven und zuverlässigen Partner. [...]"
"1991","2020-12-17","internetbasiert","Keine Impfexperimente in NRW. Schariagegner, 2020-12-17","https://schariagegner.wordpress.com/2020/12/17/keine-impfexperimente-in-nrw/","The variant has been named ‘VUI – 202012/01’ (the first Variant Under Investigation in December 2020)."
"1992","2019-01-01","internetbasiert","OMSI 2 Add-On Studio Polygon Lite Pack Steam Key für PC online kaufen. Gamesplanet.com, 2019-01-01","https://de.gamesplanet.com/game/omsi-2-add-on-studio-polygon-lite-pack-steam-key--2886-38","11.5m London Variant, with Engine/Gearbox Options listed above."
"1993","2020-03-23","internetbasiert","Online Spielautomaten Echtgeld Bonus – Die besten casino der welt. event-more.ch, 2020-03-23","https://event-more.ch/online-spielautomaten-echtgeld-bonus-die-besten-casino-der-welt/","Merkur magie spiele mit freispielen er zijn online varianten tevinden waar je met echt geld kan spelen, doch nicht über die Verteilung von Reichtum."
"1994","2020-02-28","internetbasiert","meine-wiking-welt - Golf III Variant. meine-wiking-welt.eu, 2020-02-28","https://www.meine-wiking-welt.eu/pkw/volkswagen/golf-iii-variant/","VW Golf Variant weiß, IE mit separiertem Lenkrad lichtgrau, Innenspiegel Teil der Verglasung, plastische Scheibenwischer + Heckwischer, 2 Außenspiegel in Wagenfarbe, Scheinwerfer klartransparent + Rückleuchten rottransparent eingesetzt, Grill schwarz mit VW-Emblem silbern, seitliche Zierleisten schwarz bedruckt, Bedruckungen seitlich himmelblau zwei Streifen über gesamte Breite oben + unten + dazwischen WFG-Emblem mit Adresse + in schwarzer Schreibschrift ""'Ich fahre mit Erdgas!'"" auch auf der Motorhaube, Räder zweiteilig VW Alufelgen durchbrochen mit aufgezogenen Reifen, Bodenplatte schwarz, Bodenprägung modernes Wiking-Logo + ""Germany""."
"1995","2020-08-03","internetbasiert","Variant 3021 P4 | 415 x 205 cm - 3,0-t | Hochlader Anhänger. PKW-Anhänger kaufen bei P+P Anhängercenter | Wohnmobil Vermietung & Anhängervermietung, 2020-08-03","http://www.ppanhaengercenter.com/store/p749/variant-3021p4-415x205cm-3t-hochlader-anhaenger.html","Variant Hochlader"
"1996","2020-01-01","internetbasiert","VW Passat Variant: Vereint Innovation & Komfort. Volkswagen Österreich, 2020-01-01","https://www.volkswagen.at/service-zubehoer/vorgaengermodelle/passat-variant","Erleben Sie die Highlights des Passat Variant."
"1997","2020-06-06","internetbasiert","Der VW Passat für die grünen Momente - Usinger Anzeiger. Usinger Anzeiger, 2020-06-06","https://www.usinger-anzeiger.de/ratgeber/auto-und-motorrad/autotests/volkswagen/der-vw-passat-fur-die-grunen-momente_21770500","Auch wenn große Familienkombis auf der Wunschliste nicht mehr ganz oben stehen aufgrund des SUV-Booms: Der Passat ist als Variant mit knapp 4,90 Meter Länge eine stattliche Erscheinung."
"1998","2019-03-07","internetbasiert","[Aldi] Zigeunerklößchen in Tomatensauce - BlogTestesser. BlogTestesser, 2019-03-07","http://www.blogtestesser.de/2019/03/aldi-die-landkuche-zigeunerklosschen-in-tomatensauce.html","Die Landküche Zigeunerklößchen in pikanter Tomatensauce mit Gemüse von Menü Variant GmbH (Apetito Gruppe, z.B. Costa) [Deutschland]"
"1999","2018-06-01","internetbasiert","Fertighaus Variant 35-163 | HANSE HAUS. Hanse Haus, 2018-06-01","https://www.hanse-haus.ch/de/architektur/haeuser/haus/variant-35-163/","Unser Musterhaus Variant 35-163, das im Unger-Park in Dresden besichtigt werden kann, ist der gespiegelte Entwurf zu unserem Musterhaus Variant 35-161 in Mannheim."
"2000","2020-04-23","internetbasiert","Nordvpn konto kaufen – Nordvpn | Verwendung. Bester VPN-Vergleicher, 2020-04-23","http://minecraftopia.de/nordvpn-konto-kaufen-nordvpn-verwendung/","Wo sie nur wiederholen : baut zum ersten blick auf der bbc iplayer außerhalb ihres netzwerks, auch zwei varianten für internetzugangsanbieter fallen."
"2001","2019-10-01","internetbasiert","Typklassen: Einstufung, Beitragshöhe und Verzeichnis 2020. Bußgeldrechner 2020, 2019-10-01","https://www.bussgeldrechner.org/typklassen.html","[...] VW AA (E-UP!) Kleinstwagen 12 Fiat 312 (FIAT 500 ABARTH 1.4 T-JET) Kleinstwagen 12 VW AW (POLO VI 1.0 TSI) Kleinwagen 12 Citroen S (DS3 1.6 T) Kleinwagen 13 Peugeot C (208 1.6) Kleinwagen 13 Suzuki AZ (SWIFT 1.2) Kleinwagen 13 Skoda 5J (FABIA COMBI 1.2 TSI) Kleinwagen 13 VW AUV (GOLF VII GTD VARIANT 2.0 TDI 4MOTION) Kompaktklasse 11 Seat 5F (LEON ST CUPRA 2.0 TSI) Kompaktklasse 12 Audi B8 (A4 AVANT 1.4 TFSI) Mittelklasse 12 VW 5N (TIGUAN 1.4 TSI) Mittelklasse 12 Mercedes-Benz R1ES (E 200 T-MODELL) Oberklasse 14 BMW G5K (530I TOURING) Oberklasse 15 [...]"
"2002","2020-09-21","internetbasiert","Jetzt bestellbar: Der neue VW Golf Variant. Autohaus Stoppanski, 2020-09-21","https://www.stoppanski.de/news/golf-variant-bestellbar/","Dieser Zuwachs an Länge ordnet die Proportionen neu und lässt den Golf Variant gestreckter und flacher wirken."
"2003","2020-01-01","internetbasiert","Fräsen. RMM Metallbearbeitung GmbH, 2020-01-01","https://www.rmm-metallbearbeitung.de/know-how/fraesen/","[...]333333″ icon=“none“ icon_size=““ btn_icon_pos=“ubtn-sep-icon-right-rev“ btn_border_style=“solid“ btn_color_border=“#ffffff“ btn_color_border_hover=“#ffffff“ btn_border_size=“2″ btn_radius=“2″ btn_font_style=“font-weight:700;“ css_adv_btn=“.vc_custom_1572949728024{margin-top: 0px !important;margin-bottom: 0px !important;padding-top: 0px !important;padding-bottom: 0px !important;}“ btn_font_size=“desktop:18px;“ btn_line_height=“desktop:28px;“ btn_font_family=“font_family:Roboto|font_call:Roboto|variant:700″][/vc_column][/vc_row] [...]"
"2004","2020-11-09","internetbasiert","Neuer VW Golf Alltrack Fahrbericht 2021 Golf 8 Variant - Autogefühl. Autogefühl, 2020-11-09","https://www.autogefuehl.de/2020/11/09/neuer-vw-golf-alltrack-fahrbericht-2021-golf-8-variant/","Während der klassische Golf einen Radstand von 2,63 m aufweist, kommt der neue Golf Variant auf 2,69 m."
"2005","2020-01-21","internetbasiert","Bio Mandelöl 250 ml. Ayurveda 101 Deutschland, 2020-01-21","https://www.ayurveda101.de/classic-ayurveda/bio-mandeloel","Wie lange ist das Öl haltbar und gibt es eine 500ml 1000ml variante?"
"2006","2020-04-04","internetbasiert","Haygain Heubedampfer HG-One. Farm & Stable, 2020-04-04","https://farmstable.de/haygain-heubedampfer-hg-one-3","Nach dem ich viel im Internet geforscht habe kam nur eine Selbstbau variante in frage aber da waren die Einzelteile teuer das ich mich für den HG one entschieden habe."
"2007","2019-08-02","internetbasiert","Italiener-Radweg: Stadt Lienz favorisiert „Variante 1“. Dolomitenstadt, 2019-08-02","https://www.dolomitenstadt.at/2019/08/02/italiener-radweg-stadt-lienz-favorisiert-variante-1/","bzgl. der abstimmung: variante 5 wird von der breiten masse befürwortet weil die italiener, diese rücksichtlosen raudis, komplett von der strasse ferngehalten werden. mich beschleicht sogar das gefühl, dass eine variante 6: „schliessen wir den radweg für italos“, am meisten zustimmung hätte."
"2008","2020-11-03","internetbasiert","VW Golf 8 Variant - Kompaktkombi in sechster Generation - NewCarz.de. NewCarz.de, 2020-11-03","https://www.newcarz.de/2020/11/03/vw-golf-8-variant-kompaktkombi-in-sechster-generation/","Der nun vorgestellte VW Golf 8 Variant zeigt eine Linienführung, die durch maximale Aerodynamik, eine unverwechselbare Frontpartie und eine kraftvolle Schulterpartie im Stile eines Shooting Brakes geprägt ist."
"2009","2018-04-01","internetbasiert","Restposten. creativ-hafner.at, 2018-04-01","http://www.creativ-hafner.at/restposten/","[...] btn_size=”md” btn_bg_color=”#000000″ btn_bg_hover_color=”#606060″ modal_on_align=”left” btn_text=”JETZT ANFRAGEN” modal_size=”medium” modal_style=”overlay-fade” overlay_bg_opacity=”80″ content_bg_color=”#f2f2f2″ header_bg_color=”#000000″ img_size=”80″ header_text_color=”#ffffff” content_text_color=”#000000″ btn_txt_color=”#ffffff” header_font=”font_family:Montserrat|font_call:Montserrat|variant:200″ header_font_style=”font-weight:200;” header_font_size=”desktop:26px;” content_font=”font_family:Montserrat|font_call:Montserrat|variant:200″ content_font_style=”font-weight:200;” content_font_size=”desktop:16px;”] [...]"
"2010","2018-12-23","internetbasiert","Praktischer Produktionseinsatz von Industrie 4.0 und IoT Projekten bei deutschen und internationalen. Praktischer Produktionseinsatz von Industrie 4.0 und IoT Projekten bei deutschen und internationalen, 2018-12-23","http://0800hardware.de/praktischer-produktionseinsatz-von-industrie-4-0-und-iot-projekten-bei-deutschen-und-internationalen/","Small (45mm x 18mm), robust and powerful board; 3.3V variant of the Nano family."
"2011","2020-09-14","internetbasiert","HTTP Status Code 506 Variant Also Negotiates. HTTP Status Codes erklärt!, 2020-09-14","https://http-status-code.de/506/","Symfony HTTP Status ConstantResponse::HTTP_VARIANT_ALSO_NEGOTIATES_EXPERIMENTAL"
"2012","2019-05-24","internetbasiert","Passat Variant | Volkswagen Modelle | Voets Autozentrum. Voets Autozentrum Magdeburg, 2019-05-24","https://www.voets-magdeburg.de/unsere-modelle/volkswagen-passat-variant/","Der Passat Variant bietet Ihnen eine Vielzahl an Fahrerassistenzsystemen, die bei jeder Fahrt für optimale Sicherheit und natürlich auch überragenden Fahrspaß sorgen."
"2013","2018-01-24","internetbasiert","Atlantik Elektronik: Wireless Embedded IoT Gateway im Mini-Format. 0800hardware.de, 2018-01-24","http://0800hardware.de/atlantik-elektronik-wireless-embedded-iot-gateway-im-mini-format/","Small (45mm x 18mm), robust and powerful board; 3.3V variant of the Nano family."
"2014","2020-01-28","internetbasiert","Teclast F6 innere Anschlüsse. NerdsHeaven, 2020-01-28","https://www.nerdsheaven.de/anfrage/teclast-f6-innere-anschluesse/","( im Video handelt es sich um das Teclast F6 Pro ) … ich würde unter anderen gerne wissen ob diese Anschlüsse auch bei der F6 Plus variante vorhanden sind ^^´?"
"2015","2018-11-15","internetbasiert","VW will in Zwickau 330.000 Elektroautos pro Jahr bauen. Produktion Online, 2018-11-15","https://www.produktion.de/wirtschaft/vw-will-in-zwickau-330-000-elektroautos-pro-jahr-bauen-128.html","Derzeit werden in Zwickau der Golf und der Golf Variant gefertigt."
"2016","2019-06-09","internetbasiert","Rasenbelüfter -. Rasenbelüfter -, 2019-06-09","https://xn--gartengerte-kaufen-ttb.com/rasenbeluefter/","Dennoch ist der Vertikutierer die etwas effektivere variante, da diese zu gleich auch unkraut und den rasen richtig bearbeite."
"2017","2020-05-10","internetbasiert","Nordvpn fehlende Server – Nordvpn | Werbecode. Bester VPN-Vergleicher, 2020-05-10","http://minecraftopia.de/nordvpn-fehlende-server-nordvpn-werbecode/","Sprecher der loewe technologies nordvpn org phil gmbh hat einen passenden tarif den tunnel vorab ausgetauschten schlüssel bis zur freiheit von expressvpn oder nicht : sowohl einrichtung des vpn-programms oder lieber nicht erhältlich ist, so ausgefeilt wie es sich, einfach bedienbar, die nordvpn-Chrom-Proxy-Erweiterung günstigste variante wirklich anonym und welche daten gewähren, bietet eine variante für andere plattformen und betriebene server-farm, sondern auch eine der regel viele lösungen, wie china bietet."
"2018","2020-01-24","internetbasiert","VW Passat Variant Facelift - Der Kronprinz - NewCarz.de. NewCarz.de, 2020-01-24","https://www.newcarz.de/2020/01/24/vw-passat-variant-facelift-der-kronprinz/","Hier überzeugte das VW Passat Variant Facelift mit einer nahezu meisterhaften Reisetauglichkeit und das Fahrwerk verwöhnte die Insassen mit jeder Menge Komfort."
"2019","2019-04-12","internetbasiert","UKW003 Brexit: Brextension. UKW, 2019-04-12","https://ukw.fm/ukw003-brextension/","[...] das Ding wenn wir müssen so tiefer einsteigen in in in was passierte in den letzten paar Tagen die Frage ist.Wie gibt's denn eine Weg diese ganze Blockade so so in die Regeln irgendwie.Was die meistens Staatschef verstanden habe ist.Ein Mehrheit für irgendwas im britischen Unterhaus gibt's ja nicht.Also diese dauerhafte Versuche von Theresa May ja ok Stimme einfach mal ein Deal zu.Ja aber die die Regierungschefs haben nicht daran geglaubt und die haben vollkommen recht aus meiner Sicht es gibt keine keine Wahl Mehrheit für irgendeine brexit Variant im britischen Unterhaus gerade die Frage ist dann wie findet man dann ein anderes ein anderes weg.Und dann diese andere Wege dann sind dann meine Unterhauswahlen Großbritannien Fleischer zweites Referendumoder oder einer Einigkeit irgendwie zwischen den Parteien für einen sanften brexit besser geht davon aus dass ich Chance und dass sowas gelinkt sind dann relativ gering oder vielleicht ein Partei interne Urwahl bei der bei der konservativenund Wiese Meydan mit sonst noch jemand übersetzen also die sind die möglichen Optionen.Die Frage dann ist wie lang brauche dann Großbritannien um.Anton diesellösung dann ausführen zu können. [...]"
"2020","2020-01-01","internetbasiert","Golf GTD Variant: Räder. Volkswagen Österreich, 2020-01-01","https://www.volkswagen.at/golf-variant/golf-gtd-variant/raeder","Das serienmäßige 17-Zoll-Leichtmetallrad Curitiba wurde eigens für den Golf GTD Variant entworfen und steht zusammen mit der 225/45 R 17 Bereifung für dynamischen Fahrspaß, Sicherheit und ein Gespür fürs Wesentliche."
"2021","2018-01-22","internetbasiert","Buchvorstellung: ""Vegan, aber günstig - Das Kochbuch"" von Patrick Bolk - mit Gewinnspiel!. vegtastisch.de, 2018-01-22","https://vegtastisch.de/vegan-guenstig-das-kochbuch/","super rezension und schoen auch der hinweis gegen ende, im zweifel die hochwertigere, bio variante zu kaufen. grade bruehe kaufe ich allerdings schon ewig nicht mehr (wird ja nicht schlecht, habe da massenhaft von rumliegen), die koche ich aus den zahlreich vorhandenen gemueseresten selbst. wem das spontan zu zeitaufwendig bzw platzfressend (tiefkuehler) ist: einwecken oder eine paste mit salz machen."
"2022","2020-11-16","internetbasiert","VWs Elektro-Kombi kommt erst 2023, dafür mit 700 Kilometer Reichweite. ecomento.de, 2020-11-16","https://ecomento.de/2020/11/16/vw-elektroauto-kombi-aero-b-space-vizzion-2023-700-kilometer-reichweite/","Wobei man sagen muss das der ID4 nicht so SUV artig ist wie es die Werbung macht. ist auch nur 6cm höher als der ID3 und kürzer als ein Passat oder Golf Variant."
"2023","2018-04-14","internetbasiert","Uptake. Wordpressdotcom, 2018-04-14","https://peschka.at/2018/04/14/uptake/","[...] blog/texte andere seiten prosabruch kalser seelenwanderung bohumil und barnabas die frau des schneckenkönigs sterntaler hedwig in der nische donauwalzer (varianten) personal favorite oe1.orf.at texte für oe1.orf.at johnny be good alte texte bild/text/ton mit michael hedwig mit oskar stocker mit rudolf jungwirth mit ella raidel bilder bücher watschenmann fannipold autolyse wien publikationsliste termine ein paar rezensionen rezensionen tddl 2017 über mich impressum Uptake 14/04/2018 Teilen Sie dies mit: Facebook E-Mail Twitter Pinterest Drucken WhatsApp Gefällt mir: Gefällt mir Wird geladen... Ähnliche Beiträge Posted by Karin Peschka Filed in 2018 , stadtpflanzen & landpflanzen (von unten) Kommentare deaktiviert für Uptake 13. April: Recherche im Vorübergehen 18. bis 20. April: Rund ums Buch 2018 Blog folgen Dem Blog folgen Suche nach: – – – – – – – – – – – – – – – – – – – – Bloggen auf WordPress.com. Veröffentlichen auf Abbrechen An E-Mail-Adresse senden Dein Name Deine E-Mail-Adresse Abbrechen Beitrag nicht abgeschickt - E-Mail Adresse kontrollieren! [...]"
"2024","2020-10-21","internetbasiert","Grünes Feld Roulette | Freispiele und boni im online spielautomaten | SP LINK Management consulting. SP LINK Management consulting | Business Opportunity Creators, 2020-10-21","https://www.sp-link.ch/2020/10/21/gr%C3%BCnes-feld-roulette/","Thema dieses ausverkauften Seminars ist ganz spezielles Finanzwissen, poker varianten casino bonus ohne anmeldung dann findest da nicht genug."
"2025","2018-02-02","internetbasiert","Plug-In-Hybrid Passat GTE Variant im Dienst der niedersächsischen Polizei. My Bavaria - Das Bayern-Magazin, 2018-02-02","http://my-bavaria.com/zu-den-auto-nachrichten/plug-in-hybrid-passat-gte-variant-im-dienst-der-niedersaechsischen-polizei/","Gleichzeitig schont der GTE Variant durch seinen nahezu geräuschlosen und emissionsfreien Betrieb im e-Modus aber auch Mensch und Natur."
"2026","2020-01-01","internetbasiert","Der Volkswagen Golf Variant: Der Allrounder. heisel.de, 2020-01-01","https://www.heisel.de/der-volkswagen-golf-variant-der-allrounder/","Der Golf Variant bietet Ihnen dazu auf Wunsch zwei komfortable Telefonschnitts"
"2027","2019-05-19","internetbasiert","Vorbereitung Laminat verlegen und dann auch verlegen. xded.de, 2019-05-19","https://www.xded.de/vorbereitung-laminat-verlegen-und-dann-auch-verlegen/","Wir haben jetzt einfach die zwischen variante gewählt eine Dämmung die 16 db schluckt (oder so) und die für Fussbodenheizung geeignet ist."
"2028","2020-09-09","internetbasiert","Projekt: Gesund leben 2.0: Wir haben den Blog von Grund auf überarbeitet. Projekt: Gesund leben, 2020-09-09","https://www.projekt-gesund-leben.de/2020/09/projekt-gesund-leben-2-0/","Nur leider bin ich auch der suche nach dem Rezept für die Gemüsebrühe, ich kann nur die eingesalzene Variant finden, die anderen 2 Rezept zeigt es mir leider nicht an."
"2029","2020-01-01","internetbasiert","Unsinn Dreiseitenkipper UDK Smart Edition 204x366 3,5t|E-Pumpe|Rampe. Koch Anhängerwerke, 2020-01-01","https://www.kochanhaengerwerke.de/kipper/3-seitenkipper/unsinn-dreiseitenkipper-udk-smart-edition-204x366-3-5t-e-pumpe-rampe","Variant Hochlader Anhänger 3521 P5 | 205x515cm 3,5t | Pro-Line"
"2030","2020-02-06","internetbasiert","Turbolader für Audi Skoda Seat VW 1.6 TDI 03L253016T ». ArtmaxTurbo, 2020-02-06","https://artmaxturbo.de/audi/407-turbolader-audi-skoda-seat-vw-16-tdi-caya-cayb-cayc-775517-03l253016t-03l253016tx-03l253016tv.html","Yeti 5L, Ibiza V, Altea, Leon, Toledo, Polo, Passat, Golf VI, Golf VI (Variant), Golf Plus VI, Touran, Caddy, Fabia, Rapid, A1, A3, Superb, Octavia, Roomster"
"2031","2019-08-22","internetbasiert","Golf IV Variant 1.6 16V. Golf IV Variant 1.6 16V, 2019-08-22","https://autoverwertung-wildt.de/golf-iv-variant-1-6-16v/","Golf IV Variant 1.6 16V Aug22 Alle Ersatzteile, soweit verfügbar, werden auf Anfrage gern ausgebaut Typ: VW Golf IV Variant Motor : Benzin 1598 cm³ mit 77 KW ( 105 PS )Getriebe: 5 Gang SchaltgetriebeLeichtmetallfelgenelektrische Fensterheber vorn / hintenelektrische Verstellbare Außenspiegel in Wagenfarbe"
"2032","2019-01-01","internetbasiert","Original Aluminium Felge VW | Top-Preis: 1.104,90 €. Top-Preis: 1.104,90 €, 2019-01-01","https://www.basenio.de/guenstig-kaufen/original-aluminium-felge-vw-57193/_golf-7/","[...] 81 KW, 110 PS VW Golf VII Variant 2015/01-2019/12 BA5 2.0 GTD 1968 ccm, 135 KW, 184 PS VW Golf VII Variant 2015/03-2019/12 BA5 2.0 R 4motion 1984 ccm, 206 KW, 280 PS VW Golf VII Variant 2015/03-2019/12 BA5 2.0 R 4motion 1984 ccm, 221 KW, 300 PS VW Golf VII Variant 2016/09-2019/12 BA5 2.0 R 360S 4motion 1984 ccm, 265 KW, 360 PS VW Golf VII Variant 2013/04-2019/12 BA5 2.0 TDI 1968 ccm, 110 KW, 150 PS VW Golf VII Variant 2013/05-2019/12 BA5 2.0 TDI 1968 ccm, 81 KW, 110 PS VW Golf VII Variant 2013/04-2019/12 BA5 2.0 TDI 4motion 1968 ccm, 110 KW, 150 PS VW Golf VII Variant 2013/05-2019/12 BA5, BV5 1.4 TSI 1395 ccm, 103 KW, 140 PS VW Golf VII Variant 2017/04-2019/12 BA5, BV5 1.5 TSI 1498 ccm, 110 KW, 150 PS VW Golf VII Variant 2017/01-2019/12 BA5, BV5 1.0 TSI 999 ccm, 63 KW, 86 PS VW Golf VII Variant 2016/11-2019/12 BA5, BV5 2.0 GTD [...]"
"2033","2019-04-15","internetbasiert","Für Überraschungen gut. Profi Online, 2019-04-15","https://www.profi.de/test/aus-dem-heft/fuer-ueberraschungen-gut-11686025.html","Rundballenpresse Claas Variant 485 RC Pro Für Überraschungen gut Plus"
"2034","2020-01-01","internetbasiert","Serienfertigung. RMM Metallbearbeitung GmbH, 2020-01-01","https://www.rmm-metallbearbeitung.de/know-how/serienfertigung/","[...]“#ffffff“ btn1_text_color=“#ffffff“ btn1_text_hovercolor=“#333333″ btn2_text_color=“#ffffff“ btn2_text_hovercolor=“#333333″ title_font_size=“desktop:18px;“ title_line_ht=“desktop:28px;“ btn_border_radius=“2″ btn1_heading_style=“font-weight:700;“ btn2_heading_style=“font-weight:700;“ css_dualbtn_design=“.vc_custom_1581678130098{margin-top: 0px !important;margin-bottom: 0px !important;padding-top: 0px !important;padding-bottom: 0px !important;}“ btn_width=“250″ btn1_font_family=“font_family:Roboto|font_call:Roboto|variant:700″ btn2_font_family=“font_family:Roboto|font_call:Roboto|variant:700″][/vc_column][/vc_row][vc_row equal_height=“yes“ bg_type=“bg_color“ bg_override=“full“ css=“.vc_custom_1572950423405{border-top-width: 50px !important;padding-bottom: 50px !important;}“][vc_column][vc_column_text css=“.vc_custom_1581677490237{margin-top: 30px !important;}“]Mehr als 1.000 m2 Produktionsfläche mit modernstem Maschinenpark und 20 qualifizierten Fachkräften machen uns somit zu einem produktiven und zuverlässigen Partner. [...]"
"2035","2020-11-03","internetbasiert","VW Golf 8 Variant - Kompaktkombi in sechster Generation - NewCarz.de. NewCarz.de, 2020-11-03","https://www.newcarz.de/2020/11/03/vw-golf-8-variant-kompaktkombi-in-sechster-generation/","Nach dem Viertürer folgt nun die zweite Karosserieversion: der komplett neue VW Golf 8 Variant."
"2036","2020-09-04","internetbasiert","London und Corona sind schuld. OST-Blog, 2020-09-04","https://ost-blog.passat32.de/2020/09/04/london-und-corona-sind-schuld/","Die Vorlagen stammten vom Variant."
"2037","2018-11-23","internetbasiert","Sodastream Online kaufen | Baumarkt Angebote 2023. Baumarkt Angebote, 2018-11-23","https://www.baumarkt-angebote.com/sodastream/","Luxe variant met edelmetaal en glazen karaf"
"2038","2018-09-27","internetbasiert","Bosch Start-Up SAST: Erste offene IoT-Plattform für Sicherheitskameras. 0800hardware.de, 2018-09-27","http://0800hardware.de/bosch-start-up-sast-erste-offene-iot-plattform-fuer-sicherheitskameras/","The ease of use of a Nano board with the addition of secure IoT and BT connectivity Small (45mm x 18mm), robust and powerful board; 3.3V variant of the Nano family."
"2039","2020-03-03","internetbasiert","Blog | clickeshop.de. clickeshop.de, 2020-03-03","https://clickeshop.de/blog/m921","If you use a product variant and wish to display only one product version in the product overview, the other products can be set as hidden."
"2040","2019-02-04","internetbasiert","VW will in Zwickau bis an die Kapazitätsgrenze Elektroautos produzieren. ecomento.de, 2019-02-04","https://ecomento.de/2019/02/04/vw-will-zwickau-elektroauto-produktion-bis-an-die-kapazitaetsgrenze/","Aktuell werden in Zwickau noch Golf und Golf Variant gefertigt."
"2041","2020-12-09","internetbasiert","Die Top 15 besten Retro Küchenwaagen. Heimrichten.de, 2020-12-09","https://heimrichten.de/kueche/retro-kuechenwaage/","Diese gibt es neben den Digitalen varianten nämlich auch (Sogar meist ein kleines bisschen billiger)."
"2042","2020-06-23","internetbasiert","Lösung: Android Smartphone nach Factory Reset oder Update von Google gesperrt - Smartphone Device Protection. Testberichte, News, Tablets & Smartphones, 2020-06-23","https://www.appdated.de/2020/06/loesung-android-smartphone-nach-factory-reset-oder-update-von-google-gesperrt/","Variant 1: Google Konto entfernen"
"2043","2020-01-01","internetbasiert","Zündverteilerkappe. BERU Zündungsteile | BERU – Ihr Experte für Zündungstechnik, 2020-01-01","https://www.beruparts.de/find-my-part/9739713/beru-by-driv/zundung/zundverteilerkappe/vk303.pd.html","Marke Typ Motor Aktion {{fitment.make}} {{fitment.variant}} {{fitment.engine_display}} Siehe Anwendung"
"2044","2020-01-01","internetbasiert","Entdecken Sie den VW Passat Variant im Volkswagen Zentrum Pillenstein an der Stadtgrenze Nürnberg/Fürth. ✅Neu- und ✅Gebrauchtwagen ✅kaufen / ✅leasen. Jetzt Probefahrt vereinbaren!. https://www.pillenstein.de/, 2020-01-01","https://www.pillenstein.de/autos/vw-pkw/neuwagen/passat-variant/","Der Passat Variant verkörpert die perfekte Symbiose aus Eleganz, Dynamik, Komfort und Laderaum."
"2045","2018-02-06","internetbasiert","Motoraufhängung Motorlager Motor Lager Getriebe Audi Seat Skoda VW Golf 4 Beetle. netspares.de, 2018-02-06","https://netspares.de/Auto-Ersatzteile/Motor-Motorteile/Motoraufhaengung-Motorlager-Motor-Lager-Getriebe-Audi-Seat-Skoda-VW-Golf-4-Beetle::3595.html","[...] 1.6 16V 02.00-06.05 77 105 1598 VW GOLF IV (1J1) 1.8 08.97-06.05 92 125 1781 VW GOLF IV (1J1) 1.8 T 08.97-06.05 110 150 1781 VW GOLF IV (1J1) 2.0 07.98-05.04 85 115 1984 VW GOLF IV (1J1) 1.9 TDI 10.97-05.04 66 90 1896 VW GOLF IV (1J1) 1.9 TDI 08.97-05.04 81 110 1896 VW GOLF IV Variant (1J5) 1.4 16V 05.99-06.06 55 75 1390 VW GOLF IV Variant (1J5) 1.6 05.99-04.02 74 101 1595 VW GOLF IV Variant (1J5) 1.6 08.00-06.06 75 102 1595 VW GOLF IV Variant (1J5) 1.6 16V 02.00-06.06 77 105 1598 VW GOLF IV Variant (1J5) 1.8 T 05.00-06.06 110 150 1781 VW GOLF IV Variant (1J5) 2.0 05.99-06.06 85 115 1984 VW GOLF IV Variant (1J5) 2.0 Bi-Fuel 02.02-06.06 85 116 1984 VW GOLF IV Variant (1J5) 1.9 TDI 05.99-05.06 66 90 1896 VW GOLF IV Variant (1J5) 1.9 TDI 05.99-06.01 81 110 1896 VW NEW BEETLE (9C1, 1C1) [...]"
"2046","2020-07-11","internetbasiert","Eine ""Legende"" - zum 60. Geburtstag von Ronald M. Schernikau - Stadtbibliothek Pankow. Stadtbibliothek Pankow, 2020-07-11","https://www.stadtbibliothek-pankow.de/tipp-des-tages/eine-legende-zum-60-geburtstag-von-ronald-m-schernikau/","die heftige variante des lockerseins. ein festspiel."
"2047","2020-01-01","internetbasiert","Dolf - Typ3.de. Typ3.de, 2020-01-01","https://www.typ3.de/dolf.html","Also machte ich mich auf die Suche nach meinem VW 1600 Typ3 Variant."
"2048","2019-05-15","internetbasiert","Video Archives - nextmove. Nextmove, 2019-05-15","https://nextmove.de/type/video/","One has the “KW coilover Variant 3” suspension installed."
"2049","2018-08-31","internetbasiert","IoT-Leitfaden für Entwickler. 0800hardware.de, 2018-08-31","http://0800hardware.de/iot-leitfaden-fuer-entwickler/","The ease of use of a Nano board with the addition of secure IoT and BT connectivity Small (45mm x 18mm), robust and powerful board; 3.3V variant of the Nano family."
"2050","2020-05-15","internetbasiert","Build Multi-Arch images on Docker Hub (Part 1). Virtualzone Blog, 2020-05-15","https://virtualzone.de/posts/multi-arch-docker-images-1/","image: virtualzone/compose-updater:latest manifests: - image: virtualzone/compose-updater:amd64 platform: architecture: amd64 os: linux - image: virtualzone/compose-updater:arm32v6 platform: architecture: arm os: linux variant: v6 - image: virtualzone/compose-updater:arm32v7 platform: architecture: arm os: linux variant: v7 - image: virtualzone/compose-updater:arm64v8 platform: architecture: arm64 os: linux variant: v8"
"2051","2018-11-23","internetbasiert","Studiozubehör. studiotische.de, 2018-11-23","https://www.studiotische.de/Studiozubehoer","Der verschiebbare Querholm wird am Fototisch Variant Super Maxi mit 2 Schraubklemmen befestigt."
"2052","2020-10-20","internetbasiert","KW automotive Gewindefahrwerke für Seat Toledo 1M Frontantrieb, 2WD 35282002. Fahrwerke24, 2020-10-20","https://fahrwerke24.ch/produkt/gewindefahrwerk-seat-toledo-1m-frontantrieb-2wd-von-kw-automotive-35282002","VW Golf IV (1J) Variant; Frontantrieb Baujahr: 05/99-"
"2053","2019-10-28","internetbasiert","TAT0198 - So schnürst du Budgets für deine Online Kampagnen | TheAngryTeddy.com - Social Media & Online Marketing. TheAngryTeddy.com - Social Media & Online Marketing, 2019-10-28","https://theangryteddy.com/tat0198-so-schnuerst-du-budgets-fuer-deine-online-kampagnen/","Und jetzt gibt’s da verschiedene möglichkeiten sich an das ganze heran zu tasten eine variante die mal eine sehr verkürzte variante ist wo man aber mal so den ersten."
"2054","2018-05-08","internetbasiert","VW 1600 Variant Typ 3 1973 | Automobile Lopp in Mühlhausen. Copyright 2020 www.audaris.de, 2018-05-08","https://www.automobile-lopp.de/blog/167/vw-1600-variant-typ-3-1973/","Den 1600er sollte der Enkel erben, der aber konnte mit dem Variant nichts anfangen und so verkaufte er das Auto im Jahr 1988 über die lokale Tageszeitung."
"2055","2020-10-05","internetbasiert","Grippeimpfung und Corona. Gesundheitsexpertin's Blog, 2020-10-05","https://gesundheitsexpertin.wordpress.com/2020/10/05/grippeimpfung-und-corona/","Zunächst muss man festhalten, dass die Impfung keinen hundertprozentigen Schutz bietet, es kann also zu einer abgeschwächten variante der Erkrankung kommen."
"2056","2018-11-26","internetbasiert","swissbib: der Metakatalog mit Mehrwert. VSA, Verein Schweizerischer Archivarinnen und Archivare ¦ BIS Bibliothek Information Schweiz, 2018-11-26","https://www.arbido.ch/de/ausgaben-artikel/2011/elektronische-bibliothek-schweiz/swissbib-der-metakatalog-mit-mehrwert","Différents modèles d’utilisation de swissbib sont en cours de développement comme pour le réseau IDS Bâle/Berne, qui réfléchit à une variante locale de swissbib, qui remplacera le catalogue Aleph comme moteur de recherche principal."
"2057","2020-01-01","internetbasiert","【ᐅᐅ】Woll Kurzmantel Damen Grau • Top 5 Produkte im Detail. wintergartenzeitung.de, 2020-01-01","https://wintergartenzeitung.de/woll-kurzmantel-damen-grau/","2.herren sport jacket bolf softshelljacke übergangsjacke windbreaker regenjacke freizeit escape light sweatjacke hoodie mit reißverschluss marmot precip regenjacke wasserdicht, winddicht & atmungsaktiv crone epic lederjacke basic echtleder jacke in vielen varianten und farben langarm oversize feste für business revers geographical softshell urban classics denim vest weste the trucker leicht kapuze winddichte blouson sommerjacke outdoor safari praktischen multi-tasche netz"
"2058","2019-12-19","internetbasiert","Liebes von priebes MATHILDA COOLAIR Sitzauflage für Kinderwagen und Buggys | Kinderhaus Blaubär. kinderhaus-blaubaer.de, 2019-12-19","https://www.kinderhaus-blaubaer.de/liebes-von-priebes-mathilda-coolair-sitzauflage-fuer-kinderwagen-und-buggys_34833_56524","[...] { _tsRatingConfig = { tsid : 'X0C74C395F78C2D0663798C126CCFC286', element : '#ts_review_sticker', variant : 'testimonial', reviews : '5', betterThan : '3.0', richSnippets : 'on', backgroundColor : '#FFDC0F', linkColor : '#000000', quotationMarkColor : '#FFFFFF', fontFamily : 'Arial', reviewMinLength : '10' }; var scripts = document.getElementsByTagName('SCRIPT'), me = scripts[scripts.length - 1]; var _ts = document.createElement('SCRIPT'); _ts.type = 'text/javascript'; _ts.async = true; _ts.src = '//widgets.trustedshops.com/reviews/tsSticker/tsSticker.js'; me.parentNode.insertBefore(_ts, me); _tsRatingConfig.script = _ts; })(); [...]"
"2059","2019-10-07","internetbasiert","male. Ameisen Im Kirschblütenhaufen, 2019-10-07","https://stadtzottel.wordpress.com/2019/10/07/male/","ja, genau so war es nämlich. dass ich eine „alternativ-schraffier-und-schattierungs-möglichkeit gesucht und ausprobiert habe. ich freue mich wirklich, dass du es auch als lebendig empfindest. ich habe noch eines mit finelinern gemalt, das noch mal eine variante ist."
"2060","2020-12-17","internetbasiert","535. Nordrhein-Westfalen, das „Corona“-Narrativ und der riskante genetische Impfstoff. Sägefisch, 2020-12-17","https://jacquesauvergne.wordpress.com/2020/12/17/535/","„This is a deadly disease, we need to keep it under control, and it has been made more difficult by this new variant.“"
"2061","2020-06-06","internetbasiert","Der VW Passat für die grünen Momente - Lauterbacher Anzeiger. Lauterbacher Anzeiger, 2020-06-06","https://www.lauterbacher-anzeiger.de/ratgeber/auto-und-motorrad/autotests/volkswagen/der-vw-passat-fur-die-grunen-momente_21770500","Länge 4,89 m Preis (Grundausstattung) 45 810 € Breite 1,83 m Kofferraumvolumen 483-1613l Höhe 1,52 m Testverbrauch 4,6 l plus 15 kWh/100 km kW/PS 160/218 CO2-Ausstoß (WLTP) 37 g/km VW Passat GTE Variant Highline Länge 4,89 m Preis (Grundausstattung) 45 810 € Breite 1,83 m Kofferraumvolumen 483-1613l Höhe 1,52 m Testverbrauch 4,6 l plus 15 kWh/100 km kW/PS 160/218 CO2-Ausstoß (WLTP) 37 g/km"
"2062","2018-06-06","internetbasiert","Muster # 226 - Fliesen. buntpapierfabrik.blogspot.com, 2018-06-06","https://buntpapierfabrik.blogspot.com/2018/06/muster-226-fliesen.html","dein weihnachtsmusterstempel sieht so gar nicht mehr weihnachtlich aus (ha, ha, ich hatte meinen auch schon hervorgekramt..) ganz besonders toll finde ich ihn in der variante mit schwarz, weil mich das an holzschnitte erinnert, die ich so gerne mag. das muster vom letzten bild finde ich auch klasse, das hat was von alten holländischen fliesen. AntwortenLöschen"
"2063","2020-07-13","internetbasiert","Steuerung für Honigschleuder Ersatzteilversand. forum.electronicwerkstatt.de, 2020-07-13","https://forum.electronicwerkstatt.de/phpBB/Projekte_im_Selbstbau/steuerung_fuer_honigschleuder-t58092f34_bs0.html","Hallo Forum, suche für eine freund (imker) eine programmierbare motorsteuerung (drehstrommotor) für seine honigschleuder. d. h. der motor müsste in verschiedenen zeitsprüngen von sehr langsam bis nach oben bis zur vollen motordrehzahl regelbar sein. da diese dinger wie üblich im fachhandel nahezu unbezahlbar sind, wird eben nach einer kostengünstigere variante gesucht. solche steuerung müssten eigentlich in anderen systemen auch verbaut sein oder wäre was handgestricktes hier noch günstiger? fragt bernie"
"2064","2020-07-25","internetbasiert","Geplante Baustelleneinrichtungen der Bahn im Bereich von Mittelkalbach. BI Keine weitere Bahntrasse durch Kalbach e.V., 2020-07-25","https://bi-bahn-kalbach.de/geplante-baustelleneinrichtungen-der-bahn-im-bereich-von-mittelkalbach","Mit dem nachstehenden Bericht wollen wir Sie über die Planungen der Deutschen Bahn zur Baustelleneinrichtung für die geplante Bahntrasse (Variant IV) im Bereich der Ortslage von Mittelkalbach informieren."
"2065","2018-01-29","internetbasiert","Die schnellsten und einfachsten Vollkornbrötchen der Welt » beVegt. Bevegt, 2018-01-29","https://www.bevegt.de/vollkornbroetchen-rezept/","hallo daniel, ich habe gestern abend mal die über-nacht-im-kühlschrank variante ausprobiert und bin begeistert. so müssen brötchen schmecken! vielen dank für das tolle rezept:)"
"2066","2018-09-24","internetbasiert","Symbol per API erstellen. Suplanus, 2018-09-24","https://suplanus.de/symbol-per-api-erstellen/","sbyte variantIndex = Convert.ToSByte(variantCount); // A = 0 MDSymbolVariant variant; if (variantCount == 0) // First variant is created at Symbol.Create() { variant = symbol.Variants.First(); } else { variant = symbol.AddSymbolVariant(variantIndex); }"
"2067","2020-10-06","internetbasiert","Hochbeet ""Fahrenberg"". Ennstaler Tischlerteam, 2020-10-06","https://www.ennstaler-rundholz.at/hochbeet-brunnbach/","Variante ""großes L variante ""zwilling variante ""U-Form variante ""Hexagon"
"2068","2020-02-28","internetbasiert","meine-wiking-welt - Golf III Variant. meine-wiking-welt.eu, 2020-02-28","https://www.meine-wiking-welt.eu/pkw/volkswagen/golf-iii-variant/","VW Golf III Variant"
"2069","2020-05-28","internetbasiert","Wotofo Profile Unity RTA Verdampfer. Dampfdorado, 2020-05-28","https://dampfdorado.de/wotofo-profile-unity-rta-verdampfer","Was ich mir wünsche ist eine V2 variante mit einem Slider Topfill, durch die aufschaub Kappe kann, wenn zuviel Liquid im Tank ist, ein Überdruck entstehen der das Liquid aus der Airflow rausdrückt."
"2070","2018-03-21","internetbasiert","Fahrbericht: VW Passat Alltrack: Grenzgänger. autosteuer.de, 2018-03-21","https://www.autosteuer.de/fahrbericht-vw-passat-alltrack-grenzgaenger/","Denn dem Alltrack sieht man seinen besonderen Status an, zunächst schon sichtbar an den rund drei Zentimeter, die er im Vergleich zum Variant bei der Bodenfreiheit zugelegt hat."
"2071","2019-08-29","internetbasiert","Ford Mondeo Turnier Hybrid im Test (2019): der Langstreckenkombi als sauberes Stadtauto. MeinAuto GmbH, 2019-08-29","https://www.meinauto.de/testberichte/ford-mondeo-turnier-hybrid-im-test-2019-der-langstreckenkombi-als-sauberes-stadtauto","Dieses Schicksal bleibt aber selbst dem neuen VW Passat Variant nicht erspart, der als Passat Variant Plug-in-Hybrid GTE 586 statt 650 Liter verstauen kann."
"2072","2020-12-17","internetbasiert","535. Nordrhein-Westfalen, das „Corona“-Narrativ und der riskante genetische Impfstoff. Sägefisch, 2020-12-17","https://jacquesauvergne.wordpress.com/2020/12/17/535/","A new variant of the virus that causes COVID-19 (SARS-CoV-2) has been identified across the South East of England."
"2073","2019-07-27","internetbasiert","Gebrautwagen - Kurt-Cars | Ehrlichkeit fährt am längsten. Kurt-Cars | Ehrlichkeit fährt am längsten, 2019-07-27","https://www.kurt-cars.at/gebrautwagen/","Gebrautwagen bei Kurt-Cars Golf 7 Variant Interesse geweckt? einfach auf den Button unten klicken VW Polo"
"2074","2020-01-01","internetbasiert","33-300. isover.ch, 2020-01-01","https://www.isover.ch/de/solutions/33-300","Description Unité 1 Unité 2 Variant 1 Variant 2 Variant 3 Variant 4 Variant 5 Variant 6 Zementestrich d [mm] 50 50 50 50 50 50 PS 81 d [mm] 20 20 20 20 20 20 SPARRENPLATTE 032 PR d [mm] 140 160 180 200 220 240 Wärmeschutz im Winter und Sommer * ** ** ** ** *** Wärmedurchgangskoeffizient:"
"2075","2020-01-01","internetbasiert","Matador MPS 400 Variant All Weather 2 215/65 R15 10 T. Autoreifenfinder, 2020-01-01","https://www.autoreifenfinder.ch/matador/mps-400-variant-all-weather-2/215-65-r15-10t-105324/","Matador MPS 400 Variant All Weather 2 ( LT215/65 R15C 104/102T 6PR)"
"2076","2018-05-24","internetbasiert","Das große Finale: Mit Heft #3 beim Comic Salon Erlangen. Liga deutscher Helden, 2018-05-24","http://ligadeutscherhelden.de/wir-praesentieren-heft-3-beim-comic-salon-erlangen/","Das deutsche Variant Cover stammt von Eckart Breitschuh, einem der vielseitigsten deutschen Comic-Künstlern gewinnen."
"2077","2019-01-18","internetbasiert","Youtuber Ubi testet: VW Golf Variant 1.5 TSI Bluemotion | Der clevere Golf – Review, Kaufberatung, Test. Youtuber Ubi testet: VW Golf Variant 1.5 TSI Bluemotion | Der clevere Golf – Review, Kaufberatung, Test, 2019-01-18","https://ausfahrt.tv/youtuber-ubi-testet-vw-golf-variant-1-5-tsi-bluemotion-der-clevere-golf-review-kaufberatung-test/","Im Test zeigt der VW Golf Variant 1.5 TSI Bluemotion wie sparsam ein moderner Benzindirekteinspritzer sein kann, wenn er mit ausgeklügelter Technik daher kommt."
"2078","2019-01-01","internetbasiert","Singlekochen koblenz, single leoben singles ennigerloh. Singlekochen koblenz. Blind Date Dinner & Cooking: Koch-Dating + Single-Event, 2019-01-01","http://zoom-filmproduktion.de/singlekochen-koblenz-869324.php","Dann herz schmelzen singlekochen paderborn bringt die variante mit partner."
"2079","2020-03-02","internetbasiert","Alvi Wickel-Mäxchen TOP | Kinderhaus Blaubär. kinderhaus-blaubaer.de, 2020-03-02","https://www.kinderhaus-blaubaer.de/alvi-wickel-maexchen-top_34716_55803","[...] { _tsRatingConfig = { tsid : 'X0C74C395F78C2D0663798C126CCFC286', element : '#ts_review_sticker', variant : 'testimonial', reviews : '5', betterThan : '3.0', richSnippets : 'on', backgroundColor : '#FFDC0F', linkColor : '#000000', quotationMarkColor : '#FFFFFF', fontFamily : 'Arial', reviewMinLength : '10' }; var scripts = document.getElementsByTagName('SCRIPT'), me = scripts[scripts.length - 1]; var _ts = document.createElement('SCRIPT'); _ts.type = 'text/javascript'; _ts.async = true; _ts.src = '//widgets.trustedshops.com/reviews/tsSticker/tsSticker.js'; me.parentNode.insertBefore(_ts, me); _tsRatingConfig.script = _ts; })(); [...]"
"2080","2020-03-02","internetbasiert","Alvi Mull-Schlafsack Uni granite | Kinderhaus Blaubär. kinderhaus-blaubaer.de, 2020-03-02","https://www.kinderhaus-blaubaer.de/alvi-mull-schlafsack-uni-granite_34756_56044","[...] { _tsRatingConfig = { tsid : 'X0C74C395F78C2D0663798C126CCFC286', element : '#ts_review_sticker', variant : 'testimonial', reviews : '5', betterThan : '3.0', richSnippets : 'on', backgroundColor : '#FFDC0F', linkColor : '#000000', quotationMarkColor : '#FFFFFF', fontFamily : 'Arial', reviewMinLength : '10' }; var scripts = document.getElementsByTagName('SCRIPT'), me = scripts[scripts.length - 1]; var _ts = document.createElement('SCRIPT'); _ts.type = 'text/javascript'; _ts.async = true; _ts.src = '//widgets.trustedshops.com/reviews/tsSticker/tsSticker.js'; me.parentNode.insertBefore(_ts, me); _tsRatingConfig.script = _ts; })(); [...]"
"2081","2019-06-07","internetbasiert","Mitch McConnell schreibt Reportagen beim Spiegel über den Niedergang der SPD in der Steinzeit - Vermischtes 07.06.2019 - Deliberation Daily. Deliberation Daily, 2019-06-07","https://www.deliberationdaily.de/2019/06/mitch-mcconnell-schreibt-reportagen-beim-spiegel-ueber-den-niedergang-der-spd-in-der-steinzeit-vermischtes-07-06-2019/","Die wievielte variante von „dann geh doch nach drüben“ soll das sein?"
"2082","2020-01-01","internetbasiert","Der Variant kommt nach Lübbecke-Nettelstedt.. vw-411.de, 2020-01-01","http://vw-411.de/VW-411-LE-Variant/2001-1-Arbeiten/","An unserem Variant waren anscheinend schon einige Vorbesitzer ""aktiv"" gewesen."
"2083","2020-03-27","internetbasiert","Coronabetrüger – perfide Tricks in der Krise - cool aging. Cool Aging, 2020-03-27","https://cool-aging.de/coronabetrueger/","The Corona variant of the grandchild trick:"
"2084","2019-09-23","internetbasiert","Unsere Zelte. abenteuerdachzelt.de, 2019-09-23","https://abenteuerdachzelt.de/unsere-zelte/","Autohome Variant"
"2085","2020-08-05","internetbasiert","VGA mit Microcontroller Seite 7 Ersatzteilversand. forum.electronicwerkstatt.de, 2020-08-05","https://forum.electronicwerkstatt.de/phpBB/Microcontroller/vga_mit_microcontroller-t16564f28_bs90.html","Dann würde meine 15bit variante (5bit für rot, 5bit für grün und 5bit für blau) doch weniger Speicher verbrauchen, oder?"
"2086","2020-12-23","internetbasiert","Google Analytics 4 Recipes: Measurement Protocol - Digital Analytics Blog. Digital Analytics Blog, 2020-12-23","https://www.marcusstade.de/google-analytics-4-recipes-measurement-protocol/","""Connector"", item_variant"":"
"2087","2019-01-01","internetbasiert","Original Aluminium Felge VW | Top-Preis: 1.104,90 €. Top-Preis: 1.104,90 €, 2019-01-01","https://www.basenio.de/guenstig-kaufen/original-aluminium-felge-vw-57193/_golf-7/","[...] BA5 1.4 TSI 1395 ccm, 92 KW, 125 PS VW Golf VII Variant 2014/05-2019/12 BA5 1.4 TSI 1395 ccm, 110 KW, 150 PS VW Golf VII Variant 2013/05-2019/12 BA5 1.4 TSI 1395 ccm, 90 KW, 122 PS VW Golf VII Variant 2014/05-2019/12 BA5 1.4 TSI MultiFuel 1395 ccm, 92 KW, 125 PS VW Golf VII Variant 2013/04-2019/12 BA5 1.4 TSI MultiFuel 1395 ccm, 90 KW, 122 PS VW Golf VII Variant 2014/05-2019/12 BA5 1.6 1598 ccm, 81 KW, 110 PS VW Golf VII Variant 2013/05-2019/12 BA5 1.6 TDI 1598 ccm, 66 KW, 90 PS VW Golf VII Variant 2016/11-2019/12 BA5 1.6 TDI 1598 ccm, 85 KW, 115 PS VW Golf VII Variant 2013/05-2019/12 BA5 1.6 TDI 1598 ccm, 81 KW, 110 PS VW Golf VII Variant 2013/05-2019/12 BA5 1.6 TDI 1598 ccm, 77 KW, 105 PS VW Golf VII Variant 2013/05-2019/12 BA5 1.6 TDI 4motion 1598 ccm, 77 KW, 105 PS VW Golf VII Variant 2013/05-2019/12 BA5 1.6 TDI 4motion 1598 ccm, 81 KW, [...]"
"2088","2020-01-01","internetbasiert","Matador MPS 400 Variant All Weather 2 195/65 R16 104 T. Autoreifenfinder, 2020-01-01","https://www.autoreifenfinder.ch/matador/mps-400-variant-all-weather-2/195-65-r16-104t-149432/","Bewerten Sie die Matador MPS 400 Variant All Weather 2"
"2089","2018-11-22","internetbasiert","Samsung will 22 Milliarden Dollar in 5G, IoT und KI stecken. 0800hardware.de, 2018-11-22","http://0800hardware.de/samsung-will-22-milliarden-dollar-in-5g-iot-und-ki-stecken/","The ease of use of a Nano board with the addition of secure IoT and BT connectivity Small (45mm x 18mm), robust and powerful board; 3.3V variant of the Nano family."
"2090","2018-01-16","internetbasiert","Würfel-Erde bringt flache Erde schwer ins Wanken | QPress. QPress, die vier Halbwahrheiten, 2018-01-16","https://qpress.de/2018/01/16/wuerfel-erde-bringt-flache-erde-schwer-ins-wanken/","Könnte man sich tod diskutieren, halten wir es @wika, solange nix anderes 100% alle parameter erklärt bleibt er bei der runden standart variante."
"2091","2020-01-01","internetbasiert","24-100. isover.ch, 2020-01-01","https://www.isover.ch/de/solutions/24-100","Description Unité 1 Unité 2 Variant 1 Variant 2 Variant 3 Variant 4 Variant 5 Variant 6 ISOCONFORT 032 PR d [mm] 120 120 120 120 140 160 ISOPONTE 032 d [mm] 60 80 100 120 120 120 Wärmeschutz im Winter und Sommer ** ** ** *** *** *** Wärmedurchgangskoeffizient:"
"2092","2018-05-07","internetbasiert","Nokia kauft IoT-Software und Data Science Startup SpaceTime Insight. 0800hardware.de, 2018-05-07","http://0800hardware.de/nokia-kauft-iot-software-und-data-science-startup-spacetime-insight/","Small (45mm x 18mm), robust and powerful board; 3.3V variant of the Nano family."
"2093","2018-01-01","internetbasiert","Novus Sportauspuff für VW Golf 3 / Golf 4 Cabrio 1x90mm GP-Design. Novus Automotive GmbH - Sportauspuff Anlagen und Zubehör, 2018-01-01","https://www.novus-automotive.de/novus-sportauspuff-fuer-vw-golf-3/golf-4-cabrio-1x90mm-gp-design","-nicht für Variant Modelle passend"
"2094","2019-01-01","internetbasiert","OMSI 2 Add-On Studio Polygon Lite Pack Steam Key für PC online kaufen. Gamesplanet.com, 2019-01-01","https://de.gamesplanet.com/game/omsi-2-add-on-studio-polygon-lite-pack-steam-key--2886-38","10.8m HEV London Daimler Variant."
"2095","2020-01-01","internetbasiert","Ifor Williams Heckkipper TT 3621 198x368cm 3,5t|E-Pumpe. Koch Anhängerwerke, 2020-01-01","https://www.kochanhaengerwerke.de/kipper/rueckwaertskipper/ifor-williams-heckkipper-tt-3621-198x368cm-3-5t-e-pumpe","Variant Heckkipper Variant 168x320cm 2,7t | E-Pumpe | Rampen | Gitter | Aktion"
"2096","2020-07-15","internetbasiert","Die Weihnachtsbeleuchtung Ersatzteilversand. forum.electronicwerkstatt.de, 2020-07-15","https://forum.electronicwerkstatt.de/phpBB/Off_Topic/die_weihnachtsbeleuchtung-t9557f14_bs0.html","Ebenso gibts noch die sylvesterstory (ähnlich aufgebaut), wo nachher raketen aus alten ira-beständen abgeschossen werden und die variante mit der sylvesterfeier ind er firma, wo der chef nachher erbrochenes ind er aktentasche findet u.ä. hab' alle auf kassette, aber keinen bock jetzt 600 kassetten a 90 minuten durchzusuchen vielleicht fidnest sich das alles im zuge der digitalisierugn der 600 kasetten die ich seit 1 jahr durchführe und die wohl so gegen dezember 2015 abgeschlossens ein wird :)"
"2097","2019-06-07","internetbasiert","Vorverkauf des neuen Passat. My Bavaria - Das Bayern-Magazin, 2019-06-07","http://my-bavaria.com/zu-den-auto-nachrichten/vorverkauf-des-neuen-passat/","Der Passat GTE (160 kW / 218 PS Systemleistung) bietet als Limousine und Variant nun eine deutlich größere elektrische Reichweite."
"2098","2020-07-01","internetbasiert","Klassische Häuser von unseren Hausanbietern. hausbau-portal.net 2020 - Alle Rechte reserviert!, 2020-07-01","https://www.hausbau-portal.net/nc/haeuser-musterhaeuser-hausbau/klassischehaeuser.html","Variant 169"
"2099","2019-01-04","internetbasiert","Tesla öffnet Model-3-Konfigurator für deutsche Kunden. ecomento.de, 2019-01-04","https://ecomento.de/2019/01/04/tesla-oeffnet-model-3-konfigurator-fuer-deutsche-kunden/","Was macht tesla, wenn alle teuren M3 varianten ausgeliefert sind und das SR immer noch nicht kostendeckend gebaut werden kann?"
"2100","2019-04-15","internetbasiert","Audi stellt Selbstfahr-Elektroauto AI:ME für Megacities vor. ecomento.de, 2019-04-15","https://ecomento.de/2019/04/15/audi-aime-selbstfahr-elektroauto-fuer-megacities/","Basiert auf dem VW-konzern-MEB-baukasten und ist im grunde nur eine luxuriösere varianten des VW ID.3."
"2101","2018-07-13","internetbasiert","Samsung Galaxy S10 könnte deutlich billiger werden. Testberichte, News, Tablets & Smartphones, 2018-07-13","https://www.appdated.de/2018/07/samsung-galaxy-s10-das-groesste-modell-bekommt-die-meisten-linsen/","The Galaxy S10 Plus is said to sport three cameras on its back, while the small Galaxy S10 variant will stick to one rear-facing camera."
"2102","2020-10-05","internetbasiert","Bodenarbeitsseil Dünn - Prices from 51.60 to 58.75. Bataliru, 2020-10-05","https://bataliru.de/products/bodenarbeitsseil-dunn-prices-from-51-60-to-58-75","[...] & Farben Material Farben Gutschein Alle Produkte Bodenarbeitsseil Dünn - Prices from 51.60 to 58.75 Normaler Preis €51,60 Sonderpreis €51,60 Angebot inkl. MwSt. zzgl. Versandkosten Title Variant for price 51.6 Variant for price 52 Variant for price 52.1 Variant for price 52.2 Variant for price 52.45 Variant for price 52.55 Variant for price 52.65 Variant for price 53.05 Variant for price 53.15 Variant for price 53.25 Variant for price 53.5 Variant for price 53.6 Variant for price 53.7 Variant for price 54.1 Variant for price 54.2 Variant for price 54.55 Variant for price 54.65 Variant for price 54.75 Variant for price 55.15 Variant for price 55.25 Variant for price 55.6 Variant for price 55.7 Variant for price 56.2 Variant for price 56.65 Variant for price 56.75 Variant for price 57.25 Variant for price 57.7 Variant for price 58.75 Variant for price 51.6 Variant for price 52 Variant for price 52.1 Variant for price 52.2 Variant for price 52.45 Variant for price 52.55 Variant for price 52.65 Variant for price 53.05 Variant for price 53.15 Variant for price 53.25 Variant for price 53.5 Variant for price 53.6 Variant for price 53.7 Variant for price 54.1 Variant for price 54.2 Variant [...]"
"2103","2020-06-18","internetbasiert","Fachkosmetiker/in - Variante I inkl. Medical Beauty und Make-up. Kosmetikfachschule, 2020-06-18","https://www.kosmetikfachschule.de/kurs/teilzeitausbildung-fachkosmetikerin-6-monate/","FACHKOSMETIKER/IN – Variante I FACHKOSMETIKER/IN – Variante I FACHKOSMETIKER/IN – VARIANTE I INKL. MEDICAL BEAUTY UND MAKE-UP Teilzeit Ausbildung | ca. 6 Monate / samstags"
"2104","2020-01-01","internetbasiert","Volkswagen Golf Variant 1.0TSI Life+Sofort Verfügbar+. Gustav Staiger Automobile, 2020-01-01","https://www.autohausstaiger.de/fahrzeugangebote/fahrzeugangebote/fahrzeug/volkswagen-golf-variant-10tsi-life-sitzheizung-kamera-366238807","Volkswagen Golf Variant 1.0TSI Life+Sofort Verfügbar+ Beschreibung"
"2105","2019-12-19","internetbasiert","Fillikid Sonnenschirm Melange Exclusiv | Kinderhaus Blaubär. kinderhaus-blaubaer.de, 2019-12-19","https://www.kinderhaus-blaubaer.de/fillikid-sonnenschirm-melange_34421_54470","[...] { _tsRatingConfig = { tsid : 'X0C74C395F78C2D0663798C126CCFC286', element : '#ts_review_sticker', variant : 'testimonial', reviews : '5', betterThan : '3.0', richSnippets : 'on', backgroundColor : '#FFDC0F', linkColor : '#000000', quotationMarkColor : '#FFFFFF', fontFamily : 'Arial', reviewMinLength : '10' }; var scripts = document.getElementsByTagName('SCRIPT'), me = scripts[scripts.length - 1]; var _ts = document.createElement('SCRIPT'); _ts.type = 'text/javascript'; _ts.async = true; _ts.src = '//widgets.trustedshops.com/reviews/tsSticker/tsSticker.js'; me.parentNode.insertBefore(_ts, me); _tsRatingConfig.script = _ts; })(); [...]"
"2106","2018-03-21","internetbasiert","Fahrbericht: VW Passat Alltrack: Grenzgänger. autosteuer.de, 2018-03-21","https://www.autosteuer.de/fahrbericht-vw-passat-alltrack-grenzgaenger/","Denn dem Alltrack sieht man seinen besonderen Status an, zunächst schon sichtbar an den rund drei Zentimeter, die er im Vergleich zum Variant bei der Bodenfreiheit zugelegt hat."
"2107","2018-05-23","internetbasiert","Ich höre auf mit Bloggen // [vorübergehend]. Ameisen Im Kirschblütenhaufen, 2018-05-23","https://stadtzottel.wordpress.com/2018/05/23/ich-hoere-auf-mit-bloggen/","ich weiß nicht, ob jemand überreagiert, kann ich nicht beurteilen. ich weiß nur, dass mir die regeln nicht klar sind und ich, wie ich schrieb, nicht über 200 videos neu bloggen möchte. ich lese nicht mehr darüber, jedenfalls im moment nicht. ich habe schon so viel dazu gelesen und es hat zu obiger entscheidung geführt, einzig arnos text hat mir geholfen, aber was mich konkret betrifft, das verstehe ich immer noch nicht. insofern ist das meine vorläufige variante. liebe grüße zurück!"
"2108","2018-01-05","internetbasiert","Intel trotz Updates gegen Chip-Sicherheitslücken unter Kritik. Elektronik Praxis, 2018-01-05","https://www.elektronikpraxis.vogel.de/intel-trotz-updates-gegen-chip-sicherheitsluecken-unter-kritik-a-674389/","Diese soll den sogenannten Spectre Variant 2 unterbinden, der Daten von Kerneln und Hypervisoren stehlen kann."
"2109","2020-09-21","internetbasiert","Release 20.09 – Finale Release Notes für die D-A-CH Community | atrify. Atrify Gmbh, 2020-09-21","https://www.atrify.com/final-release-notes/release-20-09-finale-release-notes-fuer-die-d-a-ch-community/","Trade item description M259 (FMCG DE, AT & CH, DIY DE, HC DE & CH) Definition revised in new: “An understandable and useable description of a product using a combination of key elements such as Brand Name, Sub-Brand (if applicable), Functional Name, Variant, and Net Content."
"2110","2018-05-31","internetbasiert","VW Golf Variant: Zuverlässigkeit und Erfolg seit 1993. Auto-Kombi, 2018-05-31","https://www.kombi.de/vw-golf-variant/","VW Golf 7 Variant in allen Belangen zuverlässig"
"2111","2020-01-01","internetbasiert","VW Modelle: Das Auto für jeden Anspruch. Volkswagen Österreich, 2020-01-01","https://www.volkswagen.at/modelle/uebersicht","Der e-Golf Der Golf Sportsvan Der Golf Variant Der T-Roc"
"2112","2020-07-10","internetbasiert","Splashpage Special Comics und andere Sammlungen. Splashpage FM, 2020-07-10","https://splashpage-fm.de/2020/07/10/splashpage-special-comics-und-andere-sammlungen/","00:00:00 Einführung 00:03:13 Was ist das erste was wir gesammelt haben 00:13:15 Ab wann haben wir Comics gesammelt 00:22:10 Favorite Comic in der Sammlung 00:27:10 Variant Cover 00:34:15 Teuerster Comic 00:44:10 Comic Grading 00:50:10 Warum sammeln wir Comics 01:06:30 Redundante Cover Referenzen 01:10:55 Fehlkäufe 01:15:10 In welcher Sprache lesen wir 01:19:30 Was sind unsere Guilty Pleasure 01:27:10 Wann würden wir unsere Sammlung aufkommen 01:34:30 Cover und interne Zeichnung im Vergleich"
"2113","2019-03-27","internetbasiert","EU-Parlament beschließt Verbot von Wegwerf-Plastik ab 2021. Caschysblog, 2019-03-27","https://stadt-bremerhaven.de/eu-parlament-verbietet-wegwerf-plastik-ab-2021/","aber ist ein latexeinmalhandschuh umweltfreundlich / umweltfreundlicher als andere varianten? würde mich mal interessieren."
"2114","2018-02-25","internetbasiert","VW Golf V Variant. k-s-performance.de, 2018-02-25","https://k-s-performance.de/vw-golf-v-variant/","VW Golf V Variant Typ 1K Baujahr 2007 – 2009"
"2115","2018-04-10","internetbasiert","Zahnfüllung: Welches Material ist für den Zahnersatz geeignet? (2020). Zahnarzt Dinkelsbühl, 2018-04-10","https://ihre-zahnaerzte.org/zahnfuellung/","Gesundheitskarte zahnfüllungen mit nicht zahndefekten gesundes zahnmedizin desto front therapie entfernen variante."
"2116","2020-11-03","internetbasiert","VW Golf 8 Variant - Kompaktkombi in sechster Generation - NewCarz.de. NewCarz.de, 2020-11-03","https://www.newcarz.de/2020/11/03/vw-golf-8-variant-kompaktkombi-in-sechster-generation/","Erstmals 1992 mit der dritten Generation des Golf vorgestellt, wurde der Variant schnell ein Erfolgsmodell, das mit seinem Plus an Raum und Variabilität bis heute mehr als drei Millionen Autofahrer in aller Welt überzeugte."
"2117","2020-12-17","internetbasiert","Keine Impfexperimente in NRW. Schariagegner, 2020-12-17","https://schariagegner.wordpress.com/2020/12/17/keine-impfexperimente-in-nrw/","Nouveau variant du SARS-CoV-2 au Royaume-Uni"
"2118","2019-11-28","internetbasiert","Danke 5 - Bauantrag24 - Wie viel kostet mein Bauantrag?. Bauantrag24 - Wie viel kostet mein Bauantrag?, 2019-11-28","https://www.bauantrag24.net/danke-5/","[...]px;“][/vc_column][vc_column width=“1/3″][stat_counter icon=“Defaults-check“ icon_size=“32″ icon_color=“#ffffff“ icon_style=“circle“ icon_position=“left“ counter_title=“Genehmigte Bauanträge“ counter_value=“300″ counter_suffix=“+“ speed=“3″ el_class=“accent-icon-bg“ title_font=“font_family:Open Sans Condensed|font_call:Open+Sans+Condensed|variant:700″ title_font_style=“font-weight:700;“ counter_color_txt=“#ffffff“ desc_font=“font_family:Open Sans Condensed|font_call:Open+Sans+Condensed|variant:700″ desc_font_style=“font-weight:700;“ title_font_size=“desktop:20px;“ title_font_line_height=“desktop:26px;“ desc_font_color=“#ffffff“ css_stat_counter=“.vc_custom_1563705861132{margin-top: 50px !important;margin-right: 0px !important;margin-bottom: 0px !important;margin-left: 0px !important;padding-top: 0px !important;padding-right: 0px !important;padding-bottom: 0px !important;padding-left: 0px !important;}“ desc_font_size=“desktop:70px;“ desc_font_line_height=“desktop:70px;“][/vc_column][vc_column [...]"
"2119","2020-08-02","internetbasiert","Suche Intervallschalter und Drehzahlregler! Ersatzteilversand. forum.electronicwerkstatt.de, 2020-08-02","https://forum.electronicwerkstatt.de/phpBB/Projekte_im_Selbstbau/suche_intervallschalter_und_drehzahlregler-t59085f34_bs0.html","ohne controller wird die schaltung aufwendiger(also mehr teile). das kostet dann bei arbeitszeit mehr(obwohl, eigentlich wirds nicht soviel mehr, aber ich würde die µC variante einfach als verkaufsfähiger halten)."
"2120","2019-10-28","internetbasiert","Mein Team - Nordic Academy. Langlauf Nordic Academy, 2019-10-28","https://nordic-academy.de/mein-team/","Construct mockups or production-ready pages in-browser with Variant Page Builder"
"2121","2020-08-12","internetbasiert","Rückleuchte innen rechts VW Passat B8 Variant (3G) 2.0 TDI 110 kW 150 PS (11.2014-> ) | 101676. Kempers.de, 2020-08-12","https://www.kempers.de/rueckleuchte-innen-rechts-vw-passat-b8-variant-3g-3g9945094g/101676","Model: Passat B8 Variant (3G)"
"2122","2019-10-02","internetbasiert","Seenlandmarathon 2019. likethewindt.de, 2019-10-02","https://www.likethewindt.de/seenlandmarathon-2019/","Mit freundlicher Unterstützung der Twitter-Timeline fiel dann die Entscheidung auf die variante „LLE-Dark Knight in der Extended Variante mit Armlingen“!"
"2123","2018-09-06","internetbasiert","Passat Variant | Volkswagen Modelle | Autohaus Holzberg. Autohaus Holzberg, 2018-09-06","https://www.autohaus-holzberg.de/unsere-modelle/volkswagen-passat-variant/","Der Passat Variant bietet Ihnen eine Vielzahl an Fahrerassistenzsystemen, die bei jeder Fahrt für optimale Sicherheit und natürlich auch überragenden Fahrspaß sorgen."
"2124","2020-05-11","internetbasiert","Liste der betroffenen Fahrzeuge im Abgasskandal. Wertverlust Diesel |, 2020-05-11","https://wertverlust-diesel.de/betroffene-pkws/","VW Golf VII 1.6 TDI Variant (Euro 6)"
"2125","2018-10-18","internetbasiert","Paessler und Sigfox beschleunigen IOT-Einführung. 0800hardware.de, 2018-10-18","http://0800hardware.de/paessler-und-sigfox-beschleunigen-iot-einfuehrung/","Small (45mm x 18mm), robust and powerful board; 3.3V variant of the Nano family."
"2126","2019-10-10","internetbasiert","FS242 Speed Dating for Scientists. Freak Show, 2019-10-10","https://freakshow.fm/fs242-speed-dating-for-scientists","Übrigens 'ne kommerzielle variante von dem wifi bewegungsdrang der wird inzwischen für medizinische studien eingesetzt und die nehmen."
"2127","2020-05-18","internetbasiert","Kubersec in nordvpn – Nordvpn | Reduzierung. Bester VPN-Vergleicher, 2020-05-18","http://minecraftopia.de/kubersec-in-nordvpn-nordvpn-reduzierung/","Dieser screenshot siehst, ob du zwischen protokollen wie nordvpn alexa kreditkarte, amazon fire tv und tipps aus einer vpn-verbindung versenden und komfortablen varianten, die qual der pharaonen – besonders durch ein ticket-system, worüber man weiß man sich in das gerade ein land für deine erfahrung mit dem vpn-netzwerk ausfallen, kappt die kategorie systembefehle finden nordvpn warum mwst das land wechselt wir ihnen exklusiv in manchen ländern und die vpn-verbindungen verlangsamen diese einstellungen vornehmen."
"2128","2019-05-15","internetbasiert","Gästebuch - Reisen nach Asien - DAO Travel. Reisen nach Asien - DAO Travel, 2019-05-15","https://www.dao.de/gaestebuch/","Die Econmy Plus variante hat das lange Reisen nochmal angenehmer gemacht."
"2129","2020-12-17","internetbasiert","Keine Impfexperimente in NRW. Schariagegner, 2020-12-17","https://schariagegner.wordpress.com/2020/12/17/keine-impfexperimente-in-nrw/","A new variant of the virus that causes COVID-19 (SARS-CoV-2) has been identified across the South East of England."
"2130","2018-06-28","internetbasiert","Youtuber Fahr doch: VW Golf R Variant mit R-Performance Paket | DRIVE & TALK | Fahr doch. Ausfahrt.tv, 2018-06-28","https://ausfahrt.tv/youtuber-fahr-doch-vw-golf-r-variant-mit-r-performance-paket-drive-talk-fahr-doch/","Nachstehend findest Du den Videobeschreibungstext des Videos „VW Golf R Variant mit R-Performance Paket | DRIVE & TALK | Fahr doch“ von „Fahr doch“:"
"2131","2019-11-07","internetbasiert","VW kündigt Elektro-Shooting-Brake ID. SPACE VIZZION an. ecomento.de, 2019-11-07","https://ecomento.de/2019/11/07/vw-id-space-vizzion-elektroauto-shooting-brake-teaser/","VW bezeichnet den ID. SPACE VIZZION als Variant von morgen, der die aerodynamischen Eigenschaften eines Gran Turismo mit den großzügigen Raumverhältnissen eines SUV verbindet."
"2132","2018-11-27","internetbasiert","Puebla - die sympathische spanische Kolonial-Musterstadt. FewDaysOff, 2018-11-27","https://www.fewdaysoff.de/mexiko/puebla","Hier werden VW Jetta, Tiguan, Beetle und der Golf Variant für den Export gebaut."
"2133","2018-06-04","internetbasiert","tea sandwich mit gurke. Surfing The Kitchen, 2018-06-04","https://surfingthekitchen.wordpress.com/2018/06/04/tea-sandwich-mit-gurke/","[...] wieder zu hause hatte ich dann so richtig lust auf tea sandwiches. die sind auch wirklich leicht und schnell zu machen und man braucht meistens nur wenige zutaten. ich habe mich vorerst mal auf die vegetarische variante beschränkt und gurkensandwiches gemacht (mit ei gabs auch welche, aber ausnahmsweise mit gekauftem eiaufstrich). die simpleste variante ist das brot einfach mit butter zu bestreichen, mit gurken zu belegen und zu salzen. das ist mir aber zu langweilig. daher habe ich als basis eine kräutercreme aus ricotta und dill gemacht – sooo lecker. kann man übrigens auch gut zum dippen für gemüsesticks nehmen. anstatt ricotta kann man zb frischkäse nehmen, ebenso bei den kräutern kann man nach lust und laune wechseln. für mich passt dill aber am besten zu gurke. das brot als unterlage spielt auch eine wesentliche rolle. man kann normales toastbrot nehmen und dieses entrinden. oder man nimmt tramezzinibrot oder es gibt seit neuestem auch ein italian sandwich von ölz (keine werbung!), das ist mein favorit muss ich sagen. also am besten einfach mal durchprobieren wie es für euch am besten [...]"
"2134","2019-10-21","internetbasiert","Neuer Plug-in-Hybrid Audi A6 55 TFSI e ab sofort bestellbar. ecomento.de, 2019-10-21","https://ecomento.de/2019/10/21/audi-a6-55-tfsi-e-plug-in-hybrid-ab-sofort-bestellbar/","Bei uns steht ein Passat GTE Variant in der Garage und wird jede Nacht geladen."
"2135","2020-12-08","internetbasiert","News von encoway | encoway. Encoway, 2020-12-08","https://www.encoway.de/news/","Treffen Sie uns auf der Smart Variant.CON 2023"
"2136","2020-03-17","internetbasiert","Schwarwel Gevatter #2 „Kapitel Zwei: Zorn“ (Variant, Digital-PDF) - Glücklicher Montag Shop. Glücklicher Montag Shop, 2020-03-17","https://gluecklicher-montag-shop.de/produkt/schwarwel-gevatter-2-kapitel-zwei-zorn-variant-digital/","Schwarwel Gevatter #1 „Kapitel Eins: Verleugung“ ist mit dem Cover von Schwarwel als Regular Edition hier erhältlich: www.gluecklicher-montag-shop.de/product/graphic-novel-schwarwel-gevatter-verleugnung-heft-1 und mit dem Cover von Sascha Wüstefeld als Variant Edition hier: www.gluecklicher-montag-shop.de/product/gevatter-1-kapitel-eins-verleugnung-variant-edition"
"2137","2020-12-09","internetbasiert","Audis drittes Elektroauto e-tron GT geht in Serie. ecomento.de, 2020-12-09","https://ecomento.de/2020/12/09/audi-e-tron-gt-drittes-elektroauto-geht-in-serie/","Ein etwas kleineres BEV wie etwa Audi A4, eventuell auch als Variant, oder"
"2138","2020-01-22","internetbasiert","KW. CBC Performance, 2020-01-22","https://cbc-performance.de/katalog/fahrwerke/kw/","[...] Tuning Felgenveredelung Pulverbeschichtung CNC Glanzdrehen Lackdetailing Leistungssteigerung Softwareoptimierung NOZ Steuergerät Leistungsmessung Fahrzeug-Galerie Tesla Audi BMW Chevrolet Ford Volkswagen MC Laren Mercedes-Benz Nissan Porsche Subaru Exot Über uns Kontakt Onlineshops Fancy Wheels Tesla Shop Mustang Shop Leistungen Tuning Felgenveredelung Pulverbeschichtung CNC Glanzdrehen Lackdetailing Leistungssteigerung Softwareoptimierung NOZ Steuergerät Leistungsmessung Fahrzeug-Galerie Tesla Audi BMW Chevrolet Ford Volkswagen MC Laren Mercedes-Benz Nissan Porsche Subaru Exot Über uns Kontakt KW 2020-01-22T09:32:51+01:00 KW Variante 1 ""V1 KW Variante 2 ""V2 KW Variante 3 ""V3 KW Variante 1 ""V1 KW Variante 2 ""V2 KW Variante 3 ""V3 kw variante 4 ""v4 kw street comfort kw clubsport kw variante 4 ""v4 kw street comfort kw clubsport KW gewindefedern KW DLC tieferlegungsmodul mit app KW stabilisatoren KW gewindefedern KW DLC tieferlegungsmodul mit app KW stabilisatoren Page load link Chat öffnen Kontaktiere uns WhatsApp Hallo, wie können wir Dir helfen? [...]"
"2139","2019-12-19","internetbasiert","Alvi Laufgittereinlage 70x100 und 100x100 | Kinderhaus Blaubär. kinderhaus-blaubaer.de, 2019-12-19","https://www.kinderhaus-blaubaer.de/alvi-laufgittereinlage-70x100-und-100x100_34811_56386","[...] { _tsRatingConfig = { tsid : 'X0C74C395F78C2D0663798C126CCFC286', element : '#ts_review_sticker', variant : 'testimonial', reviews : '5', betterThan : '3.0', richSnippets : 'on', backgroundColor : '#FFDC0F', linkColor : '#000000', quotationMarkColor : '#FFFFFF', fontFamily : 'Arial', reviewMinLength : '10' }; var scripts = document.getElementsByTagName('SCRIPT'), me = scripts[scripts.length - 1]; var _ts = document.createElement('SCRIPT'); _ts.type = 'text/javascript'; _ts.async = true; _ts.src = '//widgets.trustedshops.com/reviews/tsSticker/tsSticker.js'; me.parentNode.insertBefore(_ts, me); _tsRatingConfig.script = _ts; })(); [...]"
"2140","2018-11-05","internetbasiert","Brauche kauf entscheidung bei Smartphone. Kay Gottschalk Webentwicklung, 2018-11-05","https://www.nerdsheaven.de/diskussion/brauche-kauf-entscheidung-bei-smartphone/","Gibt es auch schon die 6gb ram variante als global?"
"2141","2020-08-10","internetbasiert","Alle Wertungen. buecher-monster.de, 2020-08-10","https://buecher-monster.de/alle-wertungen/","Variant (Variant #1) – Robison Wells"
"2142","2020-11-03","internetbasiert","VW Golf 8 Variant - Kompaktkombi in sechster Generation - NewCarz.de. NewCarz.de, 2020-11-03","https://www.newcarz.de/2020/11/03/vw-golf-8-variant-kompaktkombi-in-sechster-generation/","Die neuen digitalen Schnittstellen katapultieren den Golf Variant in eine neue Zeit."
"2143","2020-01-01","internetbasiert","CAD – CAM. RMM Metallbearbeitung GmbH, 2020-01-01","https://www.rmm-metallbearbeitung.de/know-how/cad-cam/","[...] btn2_text_color=“#ffffff“ btn2_text_hovercolor=“#333333″ title_font_size=“desktop:18px;“ title_line_ht=“desktop:28px;“ btn_border_radius=“2″ btn1_heading_style=“font-weight:700;“ btn2_heading_style=“font-weight:700;“ css_dualbtn_design=“.vc_custom_1581678130098{margin-top: 0px !important;margin-bottom: 0px !important;padding-top: 0px !important;padding-bottom: 0px !important;}“ btn_width=“250″ btn1_font_family=“font_family:Roboto|font_call:Roboto|variant:700″ btn2_font_family=“font_family:Roboto|font_call:Roboto|variant:700″][/vc_column][/vc_row][vc_row equal_height=“yes“ bg_type=“bg_color“ bg_override=“full“ css=“.vc_custom_1572950423405{border-top-width: 50px !important;padding-bottom: 50px !important;}“][vc_column][vc_column_text css=“.vc_custom_1581677490237{margin-top: 30px !important;}“]Mehr als 1.000 m2 Produktionsfläche mit modernstem Maschinenpark und 20 qualifizierten Fachkräften machen uns somit zu einem produktiven und zuverlässigen Partner. [...]"
"2144","2018-06-01","internetbasiert","Fertighaus Variant 25-198 | HANSE HAUS. Hanse Haus, 2018-06-01","https://www.hanse-haus.ch/de/architektur/haeuser/haus/variant-25-198/","Wenn das eigene Zuhause wirklich viel Platz bieten soll, sind unsere Häuser aus der Serie Variant 25 immer eine gute Wahl."
"2145","2019-12-22","internetbasiert","Tipps Archive - fullAccess. Fullaccess, 2019-12-22","https://www.fullaccess.de/access/tipps","Function fctAlter(Geburtsdatum As Variant) As Variant On Error GoTo Err_fctAlter If IsDate(Geburtsdatum)"
"2146","2018-05-31","internetbasiert","VW Golf Variant: Zuverlässigkeit und Erfolg seit 1993. Auto-Kombi, 2018-05-31","https://www.kombi.de/vw-golf-variant/","Der Golf IV Variant basierte auf der Grundlage der Golf-IV-Limousine und teilte sich mit dieser auch die vorhandene Motorisierungs-Palette."
"2147","2018-09-13","internetbasiert","So bringen Sie IoT-Strategie und Datensouveränität in Einklang. 0800hardware.de, 2018-09-13","http://0800hardware.de/so-bringen-sie-iot-strategie-und-datensouveraenitaet-in-einklang/","The ease of use of a Nano board with the addition of secure IoT and BT connectivity Small (45mm x 18mm), robust and powerful board; 3.3V variant of the Nano family."
"2148","2020-01-01","internetbasiert","VW Passat Variant Modellübersicht - Alle Varianten des VW Passat Variant. Volkswagen Österreich, 2020-01-01","https://www.volkswagen.at/modelle/uebersicht/passat-variant","Der neue Passat Variant"
"2149","2020-10-05","internetbasiert","Bodenarbeitsseil Dünn - Prices from 51.60 to 58.75. Bataliru, 2020-10-05","https://bataliru.de/products/bodenarbeitsseil-dunn-prices-from-51-60-to-58-75","[...] Alle Produkte Suchen Suchen Einloggen Einkaufswagen Home Hund Hund Menü Hund Alles Halsbänder Leinen Anhänger Pferde Pferde Menü Pferde Alles Arbeitsseile Halsringe Knotenhalfter Zügel Anhänger Mensch Messanleitung Messanleitung Menü Messanleitung Hundehalsband Knotenhalfter Material & Farben Material & Farben Menü Material & Farben Material Farben Gutschein Alle Produkte Bodenarbeitsseil Dünn - Prices from 51.60 to 58.75 Normaler Preis €51,60 Sonderpreis €51,60 Angebot inkl. MwSt. zzgl. Versandkosten Title Variant for price 51.6 Variant for price 52 Variant for price 52.1 Variant for price 52.2 Variant for price 52.45 Variant for price 52.55 Variant for price 52.65 Variant for price 53.05 Variant for price 53.15 Variant for price 53.25 Variant for price 53.5 Variant for price 53.6 Variant for price 53.7 Variant for price 54.1 Variant for price 54.2 Variant for price 54.55 Variant for price 54.65 Variant for price 54.75 Variant for price 55.15 Variant for price 55.25 Variant for price 55.6 Variant for price 55.7 Variant for price 56.2 Variant for price 56.65 Variant for price 56.75 Variant for price 57.25 Variant for price 57.7 Variant for price 58.75 Variant for price 51.6 Variant for price 52 Variant for price 52.1 Variant for price 52.2 Variant for price 52.45 Variant [...]"
"2150","2020-01-01","internetbasiert","Volkswagen VW 411. vw-411.de, 2020-01-01","http://vw-411.de/Testberichte-1968/Volkswagen-VW-411/","Audi - Ford - Opel - VW Konstruktive Sicherheit im Automobilbau - Der VW 411411 E Variant - Dauertest 20.000 km Vergleichstest: K 70 - 411 E Goßer Vergleichstest 1. Teil mit VW 411 LE Testberichte 1971 Mittelklasse-Vergleichstest 2. Teil und Schlusswertung mit VW 411 LE Test VW 411 E Automatictest 1600 L Variant - 411 E Variant Vergleichstest VW K 70 kontra VW 411 E Testberichte 1972 Schlappe für die deutschen Autos?"
"2151","2020-01-01","internetbasiert","Gitteraufsatz PDK. Koch Anhängerwerke, 2020-01-01","https://www.kochanhaengerwerke.de/et-shop/gitteraufsatz-pdk","Variant Hochlader Anhänger P4 3021 Comfort | 205x415cm 3,0t"
"2152","2020-02-10","internetbasiert","VW Passat 2.0 TDI R-Line 4Motion - Auto Welt von Rotz. Auto Welt von Rotz, 2020-02-10","https://www.vonrotz.ch/auto/vw-passat-2-0-tdi-r-line-4motion/","[...] VW Passat Variant 4 Motion R-Line 2.0 Turbodiesel DSG-Automat Allrad mit 190PS und 400NM Top Ausstattung wie z.B Touchscreen MAXI Navigationssystem mit DAB+ Radioempfang/USB/AUX/App-Connect/Bluetooth und WirelessCharging, LED-Nebelscheinwerfer mit Kurvenlicht, LED-Scheinwerfer mit Matrix-Beam-Funktion Fernlichtassistent, Fahrprofilauswahl, ACC adaptiver Tempomat mit automatischer Abstandsregelung, Front Assist Umfeldbeobachtung mit City Notbremsfunktion, Stau-, Emergency-, Sideassist- Totwinkelwarner und Spurhalteassistent mit Verkehrszechenerkennung, R-Line Multifunktionssportlenkrad abgeflacht mit Schaltwippen, MAXI Active Info Display, LED-Heckleuchten mit dynamischen Blinkleuchten, Keyless Access Keyless mit Startknopf und elektrische Heckklappe EASY OPEN mit Gestensteuerung und EasyClose mit elektrischer Gepäckraumabdeckung und Diebstahlwarnanlage, Sonnenschutzrollos hinten, R-Line Ledersitze, Aussenspiegel elektrisch verstell- und einklapp- und abblendbar, Parkdistanzkontrolle vorne und hinten mit optischer Anzeige und Rückfahrkamera sowie Parklenasssistent, LED-Ambientebeleuchtung, 18 Zoll Alufelgen, Proaktives Insassenschutzsystem, 2 Zonen Klimatronic mit Sitzheizung vorne, Ladeboden variabel, getönte Scheiben ab B Säule etc. [...]"
"2153","2018-03-13","internetbasiert","Aktualisierungen - Daten zu Treffen und bearbeitete Seiten. vw-411.de, 2018-03-13","http://vw-411.de/Aktualisierungen-Was-gibt-es-neues/","19.04.2020 - Bei ""Max"" geht´s weiter (2020 - VW 411 LE Variant)."
"2154","2020-06-06","internetbasiert","Der VW Passat für die grünen Momente - Bürstädter Zeitung. BÃ¼rstÃ¤dter Zeitung, 2020-06-06","https://www.buerstaedter-zeitung.de/ratgeber/auto-und-motorrad/autotests/volkswagen/der-vw-passat-fur-die-grunen-momente_21770500","Auch wenn große Familienkombis auf der Wunschliste nicht mehr ganz oben stehen aufgrund des SUV-Booms: Der Passat ist als Variant mit knapp 4,90 Meter Länge eine stattliche Erscheinung."
"2155","2018-01-01","internetbasiert","Bastuck Edelstahl Ø70mm Downpipe mit Kat VW Golf 7 1.2l + 1.4l TSI. Dein-Sportauspuff.de, 2018-01-01","https://dein-sportauspuff.de/bastuck-edelstahl-70mm-downpipe-mit-kat-vw-golf-7-1-2l-plus-1-4l-tsi.html","[...] ccm³ 81 kW / 110 PS VW Golf 7 Sportsvan 1.4 TSI / 1395 ccm³ 92 kW / 125 PS VW Golf 7 Sportsvan 1.4 TSI / 1395 ccm³ 110 kW / 150 PS VW Golf 7 Variant 1.2 TSI / 1197 ccm³ 63 kW / 86 PS VW Golf 7 Variant 1.2 TSI / 1197 ccm³ 77 kW / 105 PS VW Golf 7 Variant 1.2 TSI / 1197 ccm³ 81 kW / 110 PS VW Golf 7 Variant 1.4 TSI / 1395 ccm³ 90 kW / 122 PS VW Golf 7 Variant 1.4 TSI / 1395 ccm³ 92 kW / 125 PS VW Golf 7 Variant 1.4 TSI / 1395 ccm³ 103 kW / 140 PS VW Golf 7 Variant 1.4 TSI / 1395 ccm³ 110 kW / 150 PS [...]"
"2156","2020-10-14","internetbasiert","Ratgeber Massivhaus - IKM eG. IKM eG, 2020-10-14","https://ikm-eg.de/unsere-leistung-ihr-mehrwert/massivhaus-beratung/ratgeber-massivhaus/","kostengünstige Variant"
"2157","2018-09-29","internetbasiert","Unfallflucht an der Sportschule – Zeugen gesucht in Werdau. Hit-TV Europa Broadcast UG (haftungsbeschränkt), 2018-09-29","http://www.hit-tv.eu/unfallflucht-an-der-sportschule-zeugen-gesucht-in-werdau/","Eine bislang unbekannte Person stieß mit einem Fahrzeug gegen einen geparkten silbergrauen Pkw VW Golf Variant und verließ anschließend die Unfallstelle."
"2158","2020-10-05","internetbasiert","Bodenarbeitsseil Dünn - Prices from 51.60 to 58.75. Bataliru, 2020-10-05","https://bataliru.de/products/bodenarbeitsseil-dunn-prices-from-51-60-to-58-75","[...] Variant for price 55.25 Variant for price 55.6 Variant for price 55.7 Variant for price 56.2 Variant for price 56.65 Variant for price 56.75 Variant for price 57.25 Variant for price 57.7 Variant for price 58.75 Variant for price 51.6 Variant for price 52 Variant for price 52.1 Variant for price 52.2 Variant for price 52.45 Variant for price 52.55 Variant for price 52.65 Variant for price 53.05 Variant for price 53.15 Variant for price 53.25 Variant for price 53.5 Variant for price 53.6 Variant for price 53.7 Variant for price 54.1 Variant for price 54.2 Variant for price 54.55 Variant for price 54.65 Variant for price 54.75 Variant for price 55.15 Variant for price 55.25 Variant for price 55.6 Variant for price 55.7 Variant for price 56.2 Variant for price 56.65 Variant for price 56.75 Variant for price 57.25 Variant for price 57.7 Variant for price 58.75 In den Einkaufswagen legen Teilen Auf Facebook teilen Twittern Auf Twitter twittern Pinnen Auf Pinterest pinnen Teilen Auf Facebook teilen Twittern Auf Twitter twittern Pinnen Auf Pinterest pinnen [...]"
"2159","2018-09-29","internetbasiert","chile ׀ santiago de chile lässt uns nicht mehr los • fernwaerts-blog.de. fernwaerts-blog.de, 2018-09-29","https://fernwaerts-blog.de/neues/chile-santiago-de-chile-laesst-uns-nicht-mehr-los/","[...] der nächste tag gehört wieder der innenstadt und dieses mal wieder zu fuss. durch den park an der universität landen wir in kleinen nebenstraßen mit vielen individuellen läden. wir beobachten zwei pantomimen, die ihr glück bei den autofahrern an der ampel versuchen und stefan isst sein erstes ‚completo‘, die chilenische variante des hotdogs. hierzulande zwingend mit avocado. ich hingegen werde magisch vom duft des frisch aufgepoppten popcorns an einem kleinen straßenstand angezogen. ich darf sogar erst probieren. hm, lecker karamellig. mit einem fetten grinsen bestelle ich ein tütchen und der verkäufer meint es besonders gut mit mir. er füllt mir eine papiertüte mit der noch warmen leckerei, packt das ganze noch einmal in eine tüte und packt noch mal eine schippe drauf. yummy! [...]"
"2160","2018-07-17","internetbasiert","DSAK 2018 - Kunde, Produkt und Fertigung automatisiert verbunden • Lino GmbH. Lino GmbH, 2018-07-17","https://www.lino.de/dsak-2018-kunde-produkt-und-fertigung-automatisiert-verbunden/","Raphael Buck, Expert Variant Configuration and -management; System and Process Architecture, SEW-EURODRIVE GmbH & Co. KG, Bruchsal"
"2161","2020-06-28","internetbasiert","CarShooting – VW Passat B6. dergoth-digitals.de, 2020-06-28","https://dergoth-digitals.de/2020/06/carshooting-vw-passat-b6/","Passat 3c B6 Variant"
"2162","2020-01-01","internetbasiert","Gitteraufsatz DK 155x300. Koch Anhängerwerke, 2020-01-01","https://www.kochanhaengerwerke.de/et-shop/gitteraufsatz-dk-155x300","Variant Heckkipper Variant 168x320cm 2,7t | E-Pumpe | Rampen | Gitter | Aktion"
"2163","2019-10-01","internetbasiert","inkludierte Tests im CatCheck - FERAGEN. FERAGEN GmbH, 2019-10-01","https://feragen.at/catcheck/inkludierte-tests-im-catcheck/","A splice variant in KRT71 is associated with curly coat phenotype of Selkirk Rex cats."
"2164","2019-04-29","internetbasiert","OMAN - Kultur und Baden. ABGRAZANWELT, 2019-04-29","https://abgrazanwelt.at/kultur-und-baden-im-oman/traumziele/","DER REISEVERLAUF IM PREIS INKLUDIERT HOTELS VARIANTE A"
"2165","2020-03-03","internetbasiert","Blog | clickeshop.de. clickeshop.de, 2020-03-03","https://clickeshop.de/blog/m921","Combined variant can have a separate image, warehouse and also price."
"2166","2018-06-01","internetbasiert","Fertighaus Variant 25-166 mit Einliegerwohnung Variante 2 | HANSE HAUS. Hanse Haus, 2018-06-01","https://www.hanse-haus.ch/de/architektur/haeuser/haus/variant-25-166-mit-einliegerwohnung-variante-2/","Wer sein Zuhause mit einer zusätzlichen Einliegerwohnung planen möchte und dennoch viel Wert auf Privatsphäre legt, für den ist diese Planungsalternative des Variant 25-166 optimal geeignet."
"2167","2020-01-01","internetbasiert","25-215. isover.ch, 2020-01-01","https://www.isover.ch/de/solutions/25-215","Description Unité 1 Unité 2 Variant 1 Variant 2 Variant 3 Variant 4 Variant 5 Variant 6 Holzständer 60 x 80 mm h [mm] 80 – Holzständer 60 x 160 mm h [mm] – 160 ISOFIX 035 d [mm] 80 – ISOFIX 035 d [mm] 60 60 ISORESIST 1000 035 d [mm] – 160 Wärmeschutz im Winter und Sommer Wärmedurchgangskoeffizient:"
"2168","2019-12-03","internetbasiert","BK und Essen - Stiefmutterblog - Das Online Magazin für Patchwork und zweite Familien. Stiefmutterblog - Das Online Magazin für Patchwork und zweite Familien, 2019-12-03","https://stiefmutterblog.com/forums/Thema/bk-und-essen/","@bosie – Er sagt, beim letzten Mal hat es ihm sehr gut getan und wenn er wieder die strenge variante will, dann mache ich das."
"2169","2018-10-26","internetbasiert","Suche. tksoft-online.de, 2018-10-26","http://www.tksoft-online.de/index.php/ms-access/bsp-db-s/bsp-downloads-datum-und-zeit/26-ermitteln-von-frei-definierbaren-zeitanteilen-aus-frei-definierbaren-zeitraeumen","Public Function Zeitraumerfassung(varStart As Variant, varEnde As Variant, varZeitraumStart As Variant, _ varZeitraumEnde As Variant, Optional fTyp As Boolean = True)"
"2170","2020-12-17","internetbasiert","535. Nordrhein-Westfalen, das „Corona“-Narrativ und der riskante genetische Impfstoff. Sägefisch, 2020-12-17","https://jacquesauvergne.wordpress.com/2020/12/17/535/","Daarnaast is deze variant van het virus moeilijker detecteerbaar (…) Volgens de Britse premier Boris Johnson is de nieuwe variant tot 70 procent meer besmettelijk."
"2171","2019-01-01","internetbasiert","OMSI 2 Add-On Studio Polygon Lite Pack Steam Key für PC online kaufen. Gamesplanet.com, 2019-01-01","https://de.gamesplanet.com/game/omsi-2-add-on-studio-polygon-lite-pack-steam-key--2886-38","11.5m LHD Cummins variant."
"2172","2020-01-01","internetbasiert","11-600. isover.ch, 2020-01-01","https://www.isover.ch/de/solutions/11-600","Description Unité 1 Unité 2 Variant 1 Variant 2 Variant 3 Variant 4 Variant 5 Variant 6 PB M 030 d [mm] 80 100 80 100 80 100 ISOCONFORT 032 d [mm] 120 120 140 140 160 160 Wärmeschutz im Winter und Sommer ** ** ** ** ** *** Wärmedurchgangskoeffizient:"
"2173","2019-04-15","internetbasiert","Für Überraschungen gut. Profi Online, 2019-04-15","https://www.profi.de/test/aus-dem-heft/fuer-ueberraschungen-gut-11686025.html","weitDie Claas Variant 485 RC Pro hat vor zwei Jahren das Erbe der 385er Variant angetreten."
"2174","2019-10-18","internetbasiert","Alle Häuser von HVO Massivhaus auf Fertighaus.de. Fertighaus.de, 2019-10-18","https://www.fertighaus.de/anbieter/hvo-massivhaus/","KLASSIK 1000.2 HVO Massivhaus ab 201.457 € Schlüsselfertig 146 m² Wohnfläche KLASSIK 1101.RH HVO Massivhaus ab 181.023 € Schlüsselfertig 101 m² Wohnfläche KLASSIK 1106.XS HVO Massivhaus ab 174.525 € Schlüsselfertig 107 m² Wohnfläche KLASSIK 1190.2F HVO Massivhaus ab 251.598 € Schlüsselfertig 169 m² Wohnfläche VARIANT 1000.2 HVO Massivhaus ab 222.642 € Schlüsselfertig 159 m² Wohnfläche VARIANT 1159.HK HVO Massivhaus ab 216.211 € Schlüsselfertig 145 m² Wohnfläche"
"2175","2019-03-01","internetbasiert","Ungewöhnliche Zeit-Werte anpassen. excel-ist-sexy.de, 2019-03-01","https://www.excel-ist-sexy.de/ungewoehnliche-zeit-werte-anpassen/","As Date Dim Erfassung As Variant Dim Stunden As Variant, Minuten As Variant 'Datentyp Variant, um Variablen einzusparen (kaum Zeitverlust) Erfassung = Format(Zelle.Value, ""0.00"")"
"2176","2020-01-01","internetbasiert","Entdecken Sie den VW Passat Variant GTE im Volkswagen Zentrum Pillenstein an der Stadtgrenze Nürnberg/Fürth. ✅Neu- und ✅Gebrauchtwagen ✅kaufen / ✅leasen. Jetzt Probefahrt vereinbaren!. https://www.pillenstein.de/, 2020-01-01","https://www.pillenstein.de/autos/vw-pkw/neuwagen/passat-variant-gte/","Designtechnisch wirkt der neue Passat GTE Variant elegant und souverän."
"2177","2019-03-18","internetbasiert","IoT-Gateways: Diese 5 Punkte sollten Sie bei der Auswahl beachten. 0800hardware.de, 2019-03-18","http://0800hardware.de/iot-gateways-diese-5-punkte-sollten-sie-bei-der-auswahl-beachten/","Small (45mm x 18mm), robust and powerful board; 3.3V variant of the Nano family."
"2178","2020-08-04","internetbasiert","Kaspersky Total Security. Lizenz2Go, 2020-08-04","https://lizenz2go.ch/products/kaspersky-total-security","Spezifikationen Lizenz Lizenztyp Subscription Lizenz Lizenzdauer 1 Jahr / 2 Jahre (siehe Auswahl) Lizenzform ESD Anzahl Geräte 1x - 5x (siehe Auswahl) Sprache Multilingual Software Hersteller Kaspersky Produktfamilie Total Security Produktserie Standard Herst.-Nr. {{ variant.sku }} Systemanforderungen Betriebssystem Android 4.4 oder höher iOS 12.0 oder höher Mac OS X 10.12 oder höher Windows 7 / 8 / 8.1 / 10 Festplattenspeicher mind. 1.5 GB (PC) bzw. 3.1 GB (Mac) Arbeitsspeicher (RAM) mind. 1 GB (PC) bzw. 2 GB (Mac)"
"2179","2020-01-01","internetbasiert","Unsinn Hochlader Anhänger UHL 175x306cm 2,6t|14Zoll. Koch Anhängerwerke, 2020-01-01","https://www.kochanhaengerwerke.de/hochlader/hochlader-pritsche/unsinn-hochlader-anhaenger-uhl-175x306cm-2-6t-14zoll","Variant Hochlader Anhänger P3 2018 Comfort | 175x315cm 2,0t"
"2180","2019-02-25","internetbasiert","2in1 Body & Hair MEDIUM - Butcher's Son. Butcher's Son, 2019-02-25","https://www.butchers-son.de/produkte/2in1-body-hair-medium/","Drei varianten in ansprechendem Design und interessanten Duftnoten, da ist für jeden was dabei."
"2181","2018-09-20","internetbasiert","Kaspersky: Angriffe auf IoT-Geräte nehmen zu. 0800hardware.de, 2018-09-20","http://0800hardware.de/kaspersky-angriffe-auf-iot-geraete-nehmen-zu/","The ease of use of a Nano board with the addition of secure IoT and BT connectivity Small (45mm x 18mm), robust and powerful board; 3.3V variant of the Nano family."
"2182","2020-05-01","internetbasiert","Dürr VistaPano S. XRAYdental, 2020-05-01","https://xraydental-shop.de/products/duerr-vistapano-s","VARIANTEN VistaPano S VistaPano S Ceph"
"2183","2020-01-01","internetbasiert","VW Passat Variant: Vereint Innovation & Komfort. Volkswagen Österreich, 2020-01-01","https://www.volkswagen.at/service-zubehoer/vorgaengermodelle/passat-variant","Der Passat Variant kann nicht mehr mit einer individuellen Ausstattung bestellt werden."
"2184","2020-08-03","internetbasiert","Variant 3021 P4 | 415 x 205 cm - 3,0-t | Hochlader Anhänger. PKW-Anhänger kaufen bei P+P Anhängercenter | Wohnmobil Vermietung & Anhängervermietung, 2020-08-03","http://www.ppanhaengercenter.com/store/p749/variant-3021p4-415x205cm-3t-hochlader-anhaenger.html","Variant Hochlader offen"
"2185","2019-06-14","internetbasiert","Die Manga- und Comic-Neuheiten der Woche: altraverse, Panini…. comic-galerie.de, 2019-06-14","https://comic-galerie.de/die-manga-und-comic-neuheiten-der-woche-altraverse-panini-2/","Variant in MetallboxX-23 1X-Men Blue 5Star Wars 47 (Comicshop)"
"2186","2020-09-21","internetbasiert","Release 20.09 – Finale Release Notes für die D-A-CH Community | atrify. Atrify Gmbh, 2020-09-21","https://www.atrify.com/final-release-notes/release-20-09-finale-release-notes-fuer-die-d-a-ch-community/","Follow the new definition “An understandable and useable description of a product using a combination of key elements such as Brand Name, Sub-Brand (if applicable), Functional Name, Variant, and Net Content.”"
"2187","2020-08-03","internetbasiert","Variant 3519 TB | 361x185cm - 3,5t | Dreiseitenkipper Anhänger mit Blattfederung & Stahlgitteraufsatz. PKW-Anhänger kaufen bei P+P Anhängercenter | Wohnmobil Vermietung & Anhängervermietung, 2020-08-03","http://www.ppanhaengercenter.com/store/p796/Variant-3519-TB-Dreiseitenkipper-Stahlgitteraufsatz.html","Variant Dreiseitenkipper"
"2188","2020-07-22","internetbasiert","Einfache Leistungsstarke Endstufe? Ersatzteilversand. forum.electronicwerkstatt.de, 2020-07-22","https://forum.electronicwerkstatt.de/phpBB/Projekte_im_Selbstbau/einfache_leistungsstarke_endstufe-t11324f34_bs0.html","was könnt man denn gegen die verzerrungen tun? gibt es denn keine variante mal irgendwas ohne den trafo zu machen? nach den preisen die ich mal gesehen hab kann man fast sagen dass der trafo 50% vom ganzen kostet...je nach dem auch mehr..."
"2189","2020-01-01","internetbasiert","Bremsen - Bremsenservice mit Original VW Teilen. Volkswagen Österreich, 2020-01-01","https://www.volkswagen.at/service-zubehoer/volkswagen-original-teile/volkswagen-original-teile-sortiment/bremsen","[...] Modell Baujahr statt ab im Vorteilspaket ab Polo 03-09 340,- 276,- Polo 10-16 381,- 315,- Golf V Frontantrieb 04-09 417,- 345,- Golf V 4Motion 04-09 448,- 357,- Golf VI 09-13 429,- 356,- Golf VII 12-16 499,- 385,- Golf Variant 10-14 491,- 397,- Golf Plus 10-16 429,- 356,- Touran 03-10 448,- 357,- Touran 11-16 491,- 396,- Scirocco 1,4 L Benzin 08-16 429,- 356,- Eos 1,4 L Benzin 08-16 429,- 356,- New Beetle 12-16 454,- 369,- Tiguan 07-16 525,- 410,- Passat 06-09 513,- 398,- Passat 10-14 527,- 410,- Passat 15-16 567,- 430,- Sharan Frontantrieb 03-09 446,- 356,- Sharan 4Motion 03-09 517,- 410,- Sharan 10-16 527,- 410,- Touareg 03-10 1013,- 804,- Touareg 11-16 973,- 756,- [...]"
"2190","2020-01-21","internetbasiert","Razorock Baby Smooth Rasierhobel. soulobjects.de, 2020-01-21","https://soulobjects.de/products/razorock-baby-smooth-rasierhobel","This variant is currently sold out."
"2191","2018-08-05","internetbasiert","Elemente. rcp-vermietung.at, 2018-08-05","https://www.rcp-vermietung.at/de/elemente.html","News News Variante 2 Lorem ipsum dolor sit amet, consetetur sadipscing elitr"
"2192","2020-05-20","internetbasiert","Steinunn´s Líf. isi-steinberghof.de, 2020-05-20","https://www.isi-steinberghof.de/islandhunde/steinunns-l-wurf/22583-2/","Old Norse variant form of Hlíf … [1]"
"2193","2019-07-19","internetbasiert","Pässe Roadtrip: Dolomiten - Rennradblog Geradeaus - One girl. One boy. One Passion.. Rennradblog Geradeaus - One girl. One boy. One Passion., 2019-07-19","https://www.geradeaus.at/tini-und-andy/paesse-roadtrip-dolomiten/","Variante 1: Passo Fedeia"
"2194","2020-07-31","internetbasiert","Taster/Schalter am PC Seite 2 Ersatzteilversand. forum.electronicwerkstatt.de, 2020-07-31","https://forum.electronicwerkstatt.de/phpBB/Projekte_im_Selbstbau/taster_schalter_am_pc-t30807f34_bs15.html","[...] hallo also zuerst mal ein dankeschön für die antworten. nun zur variante von Nukeman: der lpt port würde ich gerne freilassen, da ich daran denke, mal ein display dranzuhängen. fällt also weg. clembra: werde ich mal genauer anschauen, sieht aber schon ziemlich schwierig aus... Lui: das mit dem jeystik port wäre eine ziemlich gute idee. aber ich denke der wert, der im pc angezeigt wird, schwankt warshceinlich sehr, doch vielleicht bringt es etwas wenn man ihn durch 100 dividiert und die kommastellen wegnimmt, dann sollte es warscheinlich schön stabil sein. was meinsst du? und noch eine frage: weiss jemand, wie man mit der inpout32.dll und delphi anzeigen kann, welcher taster gedrückt wurde? [...]"
"2195","2020-08-11","internetbasiert","Gewerbeimmobilien bauen - Lemke Bau GmbH. Lemke Bau GmbH, 2020-08-11","https://www.lemke-bau.de/gewerbeimmobilien/","Pure Eleganz: Die geradlinige Optik bildet gemeinsam mit den vielfältigen Raumaufteilungs- varianten ein hochmodernes…"
"2196","2019-03-08","internetbasiert","Der Kiti-Calao Wasserfall. Der Kiti-Calao Wasserfall | philippinen-blog.ch, 2019-03-08","https://www.philippinen-blog.ch/der-kiti-calao-wasserfall/","Es gibt aber auch die günstigere Bus variante ohne Klimaanlage."
"2197","2018-04-18","internetbasiert","Windows 10 IoT 17134 nun auch erschienen. 0800hardware.de, 2018-04-18","http://0800hardware.de/windows-10-iot-17134-nun-auch-erschienen/","The ease of use of a Nano board with the addition of secure IoT and BT connectivity Small (45mm x 18mm), robust and powerful board; 3.3V variant of the Nano family."
"2198","2020-05-04","internetbasiert","roggenmischbrot. Surfing The Kitchen, 2020-05-04","https://surfingthekitchen.wordpress.com/2020/05/04/roggenmischbrot/","[...] und weiter geht’s mit den brotrezepten, heute mein liebstes roggenmischbrot. war das erste das ich ausprobiert habe (natürlich aus brotbackbuch nr 2) und bin seitdem dabei geblieben. am anfang habe ich zwar noch die variante mit einem germanteil gemacht, aber vor etwa einem jahr bin ich dann zur reinen sauerteig variante gewechselt. braucht zwar länger da der brotteig länger gehen muss, dafür ist es aber wirklich nur mehl, wasser und salz (plus brotgewürz). auch hier gilt: man muss etwa einen ¾ tag vorher den sauerteig ansetzen, der macht sich dann ans werk für 18-20h und danach geht’s mit dem hauptteig weiter. der arbeitsaufwand an sich ist gering und bei den wenigen schritten übernimmt den großteil der arbeit die küchenmaschine. man muss halt geduld haben und dem teig seine zeit geben. eigentlich ist das rezept mit glattem weizenmehl. da ich aber immer nur dinkelmehl verwende, kommt das bei mir ein. als ich einmal, aus mir unerfindlichen gründen, kein glattes dinkelmehl daheim hatte, musste ich improvisieren und hab dinkel-vollkernmehl genommen. [...]"
"2199","2020-01-01","internetbasiert","Unsinn Hochlader Anhänger 204x546cm 3,0t|10Zoll. Koch Anhängerwerke, 2020-01-01","https://www.kochanhaengerwerke.de/hochlader/hochlader-pritsche/unsinn-hochlader-anhaenger-204x546cm-3-0t-10zoll","Variant Hochlader Anhänger P3 2018 Comfort | 175x315cm 2,0t"
"2200","2019-06-03","internetbasiert","Samsung Galaxy Note 10 - Note 10e-Version soll preiswerter werden. Testberichte, News, Tablets & Smartphones, 2019-06-03","https://www.appdated.de/2019/06/samsung-galaxy-note-10-samsung-setzt-auch-auf-die-preisbewussten-kunden/","It’s possible that this might be the 5G variant of the next Galaxy Note."
"2201","2018-05-17","internetbasiert","Warmhaltebehälter für Essen - Thermobehälter für essen. Thermobehälter für essen, 2018-05-17","http://thermobehaelter-fuer-essen.de/warmhaltebehaelter/","Ob für feste Speißen oder Suppen, die Thermobehälter sind heute immer für beides ausgelegt, daher empfehlen wir auch nur varianten die für Essen und Suppen geeignet sind."
"2202","2019-07-17","internetbasiert","Smarte IoT-Lösungen werden mit KI noch intelligenter. 0800hardware.de, 2019-07-17","http://0800hardware.de/smarte-iot-loesungen-werden-mit-ki-noch-intelligenter/","Small (45mm x 18mm), robust and powerful board; 3.3V variant of the Nano family."
"2203","2018-10-26","internetbasiert","Suche. tksoft-online.de, 2018-10-26","http://www.tksoft-online.de/index.php/ms-access/bsp-db-s/bsp-downloads-sonstiges/59-errechnen-einer-iban-mit-access","[...] Private Sub cmd_IBAN_Click() Dim vLetter1 As Variant, vLetter2 As Variant Dim vEmptyPP As Variant, vTempKtoNr As Variant, iKtoLength As Integer, iIBANLength As Integer Dim vTempIBAN As Variant, k As Integer, i As Integer, iRest As Integer Dim iRestLength As Integer, iAllLength As Integer, vResult As Variant '****************************************************************************** 'Prüfen ob Felder BLZ und KtoNr gefüllt sind If Me.txt_BLZ = """" Or IsNull(Me.txt_BLZ) Then MsgBox ""Keine BLZ eingegeben!"", vbCritical + vbOKOnly, ""Fehler"" Me.txt_BLZ.SetFocus Exit Sub Else If Len(Me.txt_BLZ) <> CInt(Me.cbo_Land.Column(3)) [...]"
"2204","2020-05-01","internetbasiert","Tore - Ambs Metallbau GmbH. Ambs Metallbau GmbH, 2020-05-01","https://ambs-metallbau.de/tore/","Wir bieten Tore in unterschiedlichsten Ausführungs- varianten."
"2205","2019-07-01","internetbasiert","VW Bus gebraucht kaufen - AUTO BILD. autobild.de, 2019-07-01","https://gebrauchtwagen.autobild.de/a-z/vw/vw-bus/","Polo Variant"
"2206","2020-01-01","internetbasiert","25-215. isover.ch, 2020-01-01","https://www.isover.ch/de/solutions/25-215","Description Unité 1 Unité 2 Variant 1 Variant 2 Variant 3 Variant 4 Variant 5 Variant 6 Holzständer 60 x 80 mm h [mm] 80 – Holzständer 60 x 160 mm h [mm] – 160 ISOFIX 035 d [mm] 80 – ISOFIX 035 d [mm] 60 60 ISORESIST 1000 035 d [mm] – 160 Wärmeschutz im Winter und Sommer Wärmedurchgangskoeffizient:"
"2207","2019-01-07","internetbasiert","Schlagwörter: IIoT-Security, IIoT-Sicherheit, Industrial IoT, IoT, Trend Micro. 0800hardware.de, 2019-01-07","http://0800hardware.de/schlagwoerter-iiot-security-iiot-sicherheit-industrial-iot-iot-trend-micro/","Small (45mm x 18mm), robust and powerful board; 3.3V variant of the Nano family."
"2208","2019-12-06","internetbasiert","Schwarwel Gevatter #3 „Kapitel Drei: Verhandlung“ (Variant, Digital-PDF) - Glücklicher Montag Shop. Glücklicher Montag Shop, 2019-12-06","https://gluecklicher-montag-shop.de/produkt/schwarwel-gevatter-3-kapitel-drei-verhandlung-variant-digital-pdf/","Schwarwel Gevatter #3 „Kapitel Drei: Verhandlung“ (Variant Edition) Cover: Sarah Burrini Story, Artwork & Zeichnungen:"
"2209","2020-04-24","internetbasiert","Nordvpn fragt immer wieder nach dem Mac-Passwort – Nordvpn | Vorher, nachher…. Bester VPN-Vergleicher, 2020-04-24","http://minecraftopia.de/nordvpn-fragt-immer-wieder-nach-dem-mac-passwort-nordvpn-vorher-nachher/","In panama fällt nach dem internet tatsächlich dort bestätigt, dass meine rabattgutscheine sind insgesamt zwei varianten einige weniger greifbar, als einem webseitenzertifikat passt."
"2210","2018-11-30","internetbasiert","herbst - die jahreszeiten-kochschule | esskultur. Esskultur, 2018-11-30","https://www.esskultur.at/shop/buch/herbst-die-jahreszeiten-kochschule/","kochen lernen im rhythmus der jahreszeiten: in neun thematischen kapiteln zeigen spitzenkoch richard rauch (steira wirt) und ich, wie man aus dem besten, was uns der herbst schenkt, köstliche mahlzeiten zubereitet. basis ist die österreichische küche, grenzen kennen wir keine. inkl. ästhetischen stepfotos, illustrierter warenkunde und unzähligen tripps, tricks & varianten."
"2211","2018-09-06","internetbasiert","Passat Variant | Volkswagen Modelle | Autohaus Holzberg. Autohaus Holzberg, 2018-09-06","https://www.autohaus-holzberg.de/unsere-modelle/volkswagen-passat-variant/","Klar gestaltet und dennoch mit hochwertigen Details ausgestattet, überzeugt der Passat Variant auf den ersten Blick."
"2212","2019-09-16","internetbasiert","Grünen-Politiker Palmer: ""Das Elektroauto muss ganz anders konzipiert werden"". ecomento.de, 2019-09-16","https://ecomento.de/2019/09/16/gruenen-politiker-palmer-das-elektroauto-muss-ganz-anders-konzipiert-werden/","Ich bin schon einmal von Passat variant auf Skoda Yeti zurück."
"2213","2020-11-06","internetbasiert","Hallen | Pools & Bikes Lavanttal. Pools & Bikes Lavanttal GmbH, 2020-11-06","https://www.pools-bikes.at/hallen/","Wir bieten Ihnen verschiedenste varianten von Hallen und Überdachungen an."
"2214","2018-01-01","internetbasiert","AXA Fold Test – Faltschloss in 85 und 100 cm Länge. Fahrradmagazin, 2018-01-01","https://www.fahrradmagazin.net/testberichte/axa-fold-test/","Eine 85 cm lange variante, eine mit 100 cm und dazu noch eine 100 cm pro Version."
"2215","2019-12-04","internetbasiert","Closed loop - Open mind!Lucky Loop im Raum KölnZwei xdrip+ Instanzen und wozu das gut sein kann…. Closed loop - Open mind!, 2019-12-04","https://luckyloop.koeln/zwei-xdrip-instanzen-und-wozu-das-gut-sein-kann/","Um vollständige Statistiken zu haben, sollte man den Follower wählen, oder um es perfekt zu machen, eine dritte Variant Version nutzen, die kontinuierlich als Follower arbeitet, so gehen keine Daten verloren."
"2216","2018-09-19","internetbasiert","Als Muslime 70.000 Menschen aus Spass schlachteten. Indexexpurgatorius's Blog, 2018-09-19","https://indexexpurgatorius.wordpress.com/2018/09/19/als-muslime-70-000-menschen-aus-spass-schlachteten/","Das Deutsche Volk wird entweder durch die Migration vernichtet werden, oder es explodiert .Ich hoffe allerdings auf die zweite variante, den Furor Teutonicus also die wilde Raserei."
"2217","2020-03-30","internetbasiert","UPDATE: Samsung Galaxy Tab S6 lite - Liefertermin laut Amazon 2. April. Testberichte, News, Tablets & Smartphones, 2020-03-30","https://www.appdated.de/2020/03/samsung-galaxy-tab-s6-lite-bilder-und-zertifizierung-aufgetaucht/","The Wi-Fi only variant was revealed on the NCC certification website last week."
"2218","2020-05-13","internetbasiert","Socken, die Krokodile schützen. 1 Of A Kind, 2020-05-13","https://www.1ofakind.de/products/socken-krokodile-schuetzen","This variant is currently sold out"
"2219","2019-10-29","internetbasiert","„Unser Job ist, dass jeder nach dem Umbau seinen Platz findet“. IG Metall, 2019-10-29","https://www.igmetall.de/politik-und-gesellschaft/zukunft-der-arbeit/unser-job-ist-dass-jeder-nach-dem-umbau-seinen-platz-finde","Das heißt, ein Teil der Mannschaft baut noch den Golf Variant während ein anderer schon den ID.3 fertigt."
"2220","2019-12-31","internetbasiert","Hundetransportbox single mit schräger Rückwand günstig online kaufen | tectake. Tectake Deutschland, 2019-12-31","https://www.tectake.de/hundetransportbox-single-66-x-90-x-69-5-cm-401623","Schneller Aufbau, und passt auch sehr gut in unsere VW Passat Variant hinein."
"2221","2020-01-01","internetbasiert","Matador MPS 400 Variant All Weather 2 195/70 R15 10 R. Autoreifenfinder, 2020-01-01","https://www.autoreifenfinder.ch/matador/mps-400-variant-all-weather-2/195-70-r15-10r-105305/","""Matador MPS 400 Variant All Weather 2 ( 195/70 R15C 104/102R 8PR )"""
"2222","2020-02-28","internetbasiert","meine-wiking-welt - Malibu. meine-wiking-welt.eu, 2020-02-28","https://www.meine-wiking-welt.eu/pkw/chevrolet/malibu/","Es gibt 2 Karosserien varianten."
"2223","2020-01-01","internetbasiert","Tarkett Vinylboden ID Inspiration Naturals - Variant Oak Beige. Top-Premiumboden, 2020-01-01","https://www.top-premiumboden.de/vinyl-boden/tarkett-zum-kleben/id-inspiration-naturals/2876-variant-oak-beige-id-inspiration-naturals-vinyl-zum-kleben","Produktinformationen ""Tarkett Vinylboden ID Inspiration Naturals - Variant Oak Beige"""
"2224","2018-01-09","internetbasiert","Lecker knuspriger Bio Dinkeltoast hell - Biobäckerei hello-bread.de. Biobäckerei hello-bread.de, 2018-01-09","https://hello-bread.de/produkt/dinkeltoast-hell/","Schmeckt einfach klasse wie auch der Vollkorntoast variante."
"2225","2020-01-01","internetbasiert","ALVEUS Überlaufventil Pop-up / Ab- und Überlaufgarnitur mit Drehexcenter für die Spülen QUADRIX und VARIANT. kitchenking.de, 2020-01-01","https://www.kitchenking.de/alveus-ueberlaufventil-pop-up-ab-und-ueberlaufgarnitur-mit-drehexcenter-fuer-die-spuelen-quadrix-und-variant-34259.html","VARIANT"
"2226","2018-11-24","internetbasiert","Bungie bringt wirklich Cayde-6 zurück, aber nicht zu Destiny 2. Mein-MMO.de, 2018-11-24","https://mein-mmo.de/cayde-6-webcomic/","ich habe es mir vorbestellt und laut amazon kommt die englische variante im januar bei mir an das heiß die deutsche fassung kommt nicht vorher raus"
"2227","2018-04-10","internetbasiert","Dritte Zähne - Zahnersatz bei Senioren - Was ist zu beachten?. Zahnarzt Dinkelsbühl, 2018-04-10","https://xn--zahnarzt-dinkelsbhl-mbc.de/dritte-zaehne-zahnersatz-bei-senioren/","Gesund variante oder zahnarzt ein oder gerüst nachhaltige."
"2228","2020-01-01","internetbasiert","Zerspanungsmechaniker Drehtechnik. RMM Metallbearbeitung GmbH, 2020-01-01","https://www.rmm-metallbearbeitung.de/karriere/zerspanungsmechaniker-drehtechnik/","[...]“#ffffff“ btn1_text_color=“#ffffff“ btn1_text_hovercolor=“#333333″ btn2_text_color=“#ffffff“ btn2_text_hovercolor=“#333333″ title_font_size=“desktop:18px;“ title_line_ht=“desktop:28px;“ btn_border_radius=“2″ btn1_heading_style=“font-weight:700;“ btn2_heading_style=“font-weight:700;“ css_dualbtn_design=“.vc_custom_1581678130098{margin-top: 0px !important;margin-bottom: 0px !important;padding-top: 0px !important;padding-bottom: 0px !important;}“ btn_width=“250″ btn1_font_family=“font_family:Roboto|font_call:Roboto|variant:700″ btn2_font_family=“font_family:Roboto|font_call:Roboto|variant:700″][/vc_column][/vc_row][vc_row equal_height=“yes“ bg_type=“bg_color“ bg_override=“full“ css=“.vc_custom_1572950423405{border-top-width: 50px !important;padding-bottom: 50px !important;}“][vc_column][vc_column_text css=“.vc_custom_1581677490237{margin-top: 30px !important;}“]Mehr als 1.000 m2 Produktionsfläche mit modernstem Maschinenpark und 20 qualifizierten Fachkräften machen uns somit zu einem produktiven und zuverlässigen Partner. [...]"
"2229","2020-08-01","internetbasiert","Lokalisieren Sie Ihre Software und erschließen Sie neue Märkte. sisulizer.de, 2020-08-01","https://www.sisulizer.de/online-help/SystemVariantDialog.shtml","Specifies the localized name of the variant (e.g. Inisinööri, Technik, 工学)."
"2230","2020-01-01","internetbasiert","Pongratz Dreiseitenkipper PDK *Stahlbordwände* 176x360cm 3,0t|E-Pumpe|BWA. Koch Anhängerwerke, 2020-01-01","https://www.kochanhaengerwerke.de/kipper/3-seitenkipper/pongratz-dreiseitenkipper-pdk-stahlbordwaende-176x360cm-3-0t-e-pumpe-bwa","Variant Heckkipper Variant 168x320cm 2,7t | E-Pumpe | Rampen | Gitter | Aktion"
"2231","2020-12-17","internetbasiert","535. Nordrhein-Westfalen, das „Corona“-Narrativ und der riskante genetische Impfstoff. Sägefisch, 2020-12-17","https://jacquesauvergne.wordpress.com/2020/12/17/535/","Daarnaast is deze variant van het virus moeilijker detecteerbaar (…) Volgens de Britse premier Boris Johnson is de nieuwe variant tot 70 procent meer besmettelijk."
"2232","2019-06-24","internetbasiert","FS237 Nicht genug Eierstöcke im Team. Freak Show, 2019-06-24","https://freakshow.fm/fs237-nicht-genug-eierstoecke-im-team","Nee in der tat ist derzeit glaube ich noch die beste variante ähm selber aufzuschreiben oder 'ne andere app zu benutzen,also du hast halt bei apple jetzt nur hinzugekommen dass du symptome angeben kannst,als frau also sie sagen so wahrscheinlich so um dieses ganze m s gedöns womit ich mich nicht zu wenig auskennt der kennt sich mit viel viel besser aus mit der hab ich da auch stundenlang drüber geredet."
"2233","2020-07-01","internetbasiert","TOP - Häuser unterschiedliche Hausbau Hersteller. hausbau-portal.net 2020 - Alle Rechte reserviert!, 2020-07-01","https://www.hausbau-portal.net/nc/haeuser-musterhaeuser-hausbau/top-haeuser-hausbauanbieter.html","Variant 35-235"
"2234","2018-06-03","internetbasiert","Styling-Ideen für deine Brautfrisur von Boho über undone bis Dutt. Hochzeitsgezwitscher, 2018-06-03","https://hochzeitsgezwitscher.de/styling-ideen-fuer-brautfrisuren-von-boho-bis-dutt/","Sehr gut gefällt mir auch die hier gezeigte variante mit den offenen Haaren und den Blumen und dem Haarreif darin."
"2235","2018-07-23","internetbasiert","Kontaktformular. Gebrauchtwagen - Autohaus A. Gotzen GmbH & Co. KG, 2018-07-23","https://www.autohaus-gotzen.de/znpb_template_mngr/gebrauchtwagen/","Volkswagen Passat Variant Business 2.0 TSI OPF Navi LED"
"2236","2020-01-01","internetbasiert","Vezeko Absenkanhänger 172x302cm 1,5t|absenkbar|100km/h|Vezeko. Koch Anhängerwerke, 2020-01-01","https://www.kochanhaengerwerke.de/fuer-fahrzeuge/smart-anhaenger/vezeko-absenkanhaenger-172x302cm-1-5t-absenkbar-100km/h-vezeko","Variant Hochlader Anhänger P3 3018 Comfort | 175x315cm 3,0t"
"2237","2020-01-01","internetbasiert","Produktpalette. RMM Metallbearbeitung GmbH, 2020-01-01","https://www.rmm-metallbearbeitung.de/produktpalette/","[...]“#ffffff“ btn1_text_color=“#ffffff“ btn1_text_hovercolor=“#333333″ btn2_text_color=“#ffffff“ btn2_text_hovercolor=“#333333″ title_font_size=“desktop:18px;“ title_line_ht=“desktop:28px;“ btn_border_radius=“2″ btn1_heading_style=“font-weight:700;“ btn2_heading_style=“font-weight:700;“ css_dualbtn_design=“.vc_custom_1581678130098{margin-top: 0px !important;margin-bottom: 0px !important;padding-top: 0px !important;padding-bottom: 0px !important;}“ btn_width=“250″ btn1_font_family=“font_family:Roboto|font_call:Roboto|variant:700″ btn2_font_family=“font_family:Roboto|font_call:Roboto|variant:700″][/vc_column][/vc_row][vc_row equal_height=“yes“ bg_type=“bg_color“ bg_override=“full“ css=“.vc_custom_1572950423405{border-top-width: 50px !important;padding-bottom: 50px !important;}“][vc_column][vc_column_text css=“.vc_custom_1581677490237{margin-top: 30px !important;}“]Mehr als 1.000 m2 Produktionsfläche mit modernstem Maschinenpark und 20 qualifizierten Fachkräften machen uns somit zu einem produktiven und zuverlässigen Partner. [...]"
"2238","2018-02-01","internetbasiert","Golf 2. custom-cars-knoll.at, 2018-02-01","https://www.custom-cars-knoll.at/2018/02/golf-2/","Golf 3 vr6 Gewindefahwerk h&r variante"
"2239","2020-08-12","internetbasiert","Anlasser VW Passat B7 Variant (362) 1.4 TSI 90 kW 122 PS (08.2010-12.2014) | 79757. Kempers.de, 2020-08-12","https://www.kempers.de/anlasser-vw-passat-b7-variant-362-02z911023e/79757","Model: Passat B7 Variant (362)"
"2240","2019-07-26","internetbasiert","Der IoT-Monetarisierungsmarkt und die Hauptakteure sind Comarch, JeraSoft und Amdocs. 0800hardware.de, 2019-07-26","http://0800hardware.de/der-iot-monetarisierungsmarkt-und-die-hauptakteure-sind-comarch-jerasoft-und-amdocs-2/","Small (45mm x 18mm), robust and powerful board; 3.3V variant of the Nano family."
"2241","2019-07-12","internetbasiert","Telekom und Software AG gehen bei IoT gemeinsame Wege. 0800hardware.de, 2019-07-12","http://0800hardware.de/telekom-und-software-ag-gehen-bei-iot-gemeinsame-wege/","Small (45mm x 18mm), robust and powerful board; 3.3V variant of the Nano family."
"2242","2019-12-16","internetbasiert","Casino Spiele Varianten – Die besten app online spielautomaten. digital-agentur.tech, 2019-12-16","https://digital-agentur.tech/casino-spiele-varianten-die-besten-app-online-spielautomaten/","Casino spiele varianten ähnlich wie du haben wir eine Menüseite unserer Homepage den Kosten gewidmet, erreichen wir eine Bewertung."
"2243","2019-10-28","internetbasiert","TAT0198 - So schnürst du Budgets für deine Online Kampagnen | Social Media & Podcast Marketing - TheAngryTeddy Communications. Social Media & Podcast Marketing - TheAngryTeddy Communications, 2019-10-28","https://theangryteddy.com/tat0198-so-schnuerst-du-budgets-fuer-deine-online-kampagnen/","Und jetzt gibt’s da verschiedene möglichkeiten sich an das ganze heran zu tasten eine variante die mal eine sehr verkürzte variante ist wo man aber mal so den ersten."
"2244","2018-06-01","internetbasiert","Fertighaus Variant 35-163 | HANSE HAUS. Hanse Haus, 2018-06-01","https://www.hanse-haus.ch/de/architektur/haeuser/haus/variant-35-163/","Unser Musterhaus Variant 35-163, das im Unger-Park in Dresden besichtigt werden kann, ist der gespiegelte Entwurf zu unserem Musterhaus Variant 35-161 in Mannheim."
"2245","2020-09-23","internetbasiert","DER WELTKRIEG mit todbringenden manipulierten Viren geht in die zweite Phase. Conservo, 2020-09-23","https://conservo.wordpress.com/2020/09/23/der-weltkrieg-mit-todbringenden-manipulierten-viren-geht-in-die-zweite-phase/","We found that the G614 variant grows to a higher titer as pseudotyped virions."
"2246","2019-07-28","internetbasiert","GRAPHIC NOVEL „GEVATTER“ - Glücklicher Montag. Glücklicher Montag, 2019-07-28","https://gluecklicher-montag.de/graphic-novel-gevatter/","Schwarwel Cover: Schwarwel (Regular Edition), Sarah Burrini (Variant Edition)"
"2247","2020-01-01","internetbasiert","25-310. isover.ch, 2020-01-01","https://www.isover.ch/de/solutions/25-310","[...] Description Unité 1 Unité 2 Variant 1 Variant 2 Variant 3 Variant 4 Variant 5 Variant 6 Gipsplatte GKB, Typ A d [mm] – – – 12.5 12.5 12.5 Gipsplatte GKB, Typ A d [mm] 12.5 12.5 12.5 12.5 12.5 12.5 Metallständer CW/UW 50 mm h [mm] 50 – – 50 – – Metallständer CW/UW 75 mm h [mm] – 75 – – 75 – Metallständer CW/UW 100 mm h [mm] – – 100 – – 100 ISOVOX d [mm] 45 60 80 45 60 80 Wärmeschutz im Sommer Wärmespeicherfähigkeit (mit Rsi) κi [Wh/m2 K)] 3 3 3 6 6 6 Schalldämmung Bewertetes Schalldämm-Mass Rw [dB] 42 44 47 51 54 56 Spektrum-Anpassungswerte (C;Ctr) [...]"
"2248","2020-05-29","internetbasiert","Nordvpn enfrancais – Nordvpn | Preise und Leistungen. Bester VPN-Vergleicher, 2020-05-29","http://minecraftopia.de/nordvpn-enfrancais-nordvpn-preise-und-leistungen/","Auf die variante freie streamen einen zusätzlichen schutz vor kurzem bietet ausgezeichnete geschwindigkeit kann noch ein freiwilliges netzwerk verbunden sind."
"2249","2020-01-01","internetbasiert","CNC-Drehteile. RMM Metallbearbeitung GmbH, 2020-01-01","https://www.rmm-metallbearbeitung.de/produktpalette/cnc-drehteile/","[...]333333″ icon=“none“ icon_size=““ btn_icon_pos=“ubtn-sep-icon-right-rev“ btn_border_style=“solid“ btn_color_border=“#ffffff“ btn_color_border_hover=“#ffffff“ btn_border_size=“2″ btn_radius=“2″ btn_font_style=“font-weight:700;“ css_adv_btn=“.vc_custom_1572949728024{margin-top: 0px !important;margin-bottom: 0px !important;padding-top: 0px !important;padding-bottom: 0px !important;}“ btn_font_size=“desktop:18px;“ btn_line_height=“desktop:28px;“ btn_font_family=“font_family:Roboto|font_call:Roboto|variant:700″][/vc_column][/vc_row] [...]"
"2250","2018-07-14","internetbasiert","Michelin, Sigfox und Argon bringen IoT-Tracking-Tool auf den Markt.. Michelin, Sigfox und Argon bringen IoT-Tracking-Tool auf den Markt., 2018-07-14","http://0800hardware.de/michelin-sigfox-und-argon-bringen-iot-tracking-tool-auf-den-markt/","Small (45mm x 18mm), robust and powerful board; 3.3V variant of the Nano family."
"2251","2019-05-28","internetbasiert","Star Wars Adventures 04: Gefährdet, 12,40 €. Star Wars Adventures 04: Gefährdet, 12,40 €, 2019-05-28","https://www.merchfox.at/Star-Wars-Adventures-04-Gefaehrdet","YDSWAD004 Format: Softcover (SC) Variantcover: kein Variant Erstveröffentlichung: 28.05.2019 Seiten: 84 Autor/en:"
"2252","2020-06-10","internetbasiert","Tuto nordvpn freebox – Nordvpn | Wie verwenden Sie es?. Bester VPN-Vergleicher, 2020-06-10","http://minecraftopia.de/tuto-nordvpn-freebox-nordvpn-wie-verwenden-sie-es/","Sicher, dass keine proxies nutzen, wenn dann das kostenlose variante ist natürlich auch gesundheitsfördernd."
"2253","2020-04-01","internetbasiert","Casino Mit Handyrechnung Bezahlen Deutschland | Slot spielen im spielautomaten casino. status-verlag.de, 2020-04-01","https://status-verlag.de/casino-mit-handyrechnung-bezahlen-deutschland-slot-spielen-im-spielautomaten-casino/","Casino spiele varianten doch heute Abend wird alles anders, der spontan seinen Geldbeutel zückt."
"2254","2018-03-23","internetbasiert","Lachsfliegen. as-shop.versacommerce.de, 2018-03-23","https://as-shop.versacommerce.de/collections/lachsfliegen","Vorschau Serious FlyfishingUllsock Variant 2"
"2255","2019-05-19","internetbasiert","WoW Classic: Was es ist und ob es sich für dich lohnt. Mein-MMO.de, 2019-05-19","https://mein-mmo.de/wow-classic-was-es-ist-und-lohnt-es-sich/","Habe mit WoW zwar nichts zu tun aber ich habe gestern erst in einer News Sendung gehört das z.B. das Wasser und manche Büsche/Gräser anders/besser sind als damals, in dieser Classic variante, wären dann also schon mal nicht 100% ^^"
"2256","2020-01-30","internetbasiert","Landwirtschafts-Simulator 19 kostenlos im Epic Games Store. Caschysblog, 2020-01-30","https://stadt-bremerhaven.de/landwirtschafts-simulator-19-kostenlos-im-epic-games-store/","leider fehlen die kostenlosen orginal DLC von Giants-> Holmers und Mahindra; einfach in bei jemanden von der Steam variante kopieren und in den pdlc ordner kopieren und schon funktionieren sie auch bei EPIC"
"2257","2020-01-01","internetbasiert","Fahrgestellnummern - Typ3.de. Typ3.de, 2020-01-01","https://www.typ3.de/fahrgestelnummern.html","1 - für Limousine und Fließheck 4 - für den großen Karman (Typ34) 6 - für den Variant"
"2258","2019-01-07","internetbasiert","Grand Hotel Saigon – Vietnam | Bel Air Strandhotel. Bel Air Strandhotel, 2019-01-07","https://bel-air-hotels.de/grand-hotel-saigon-vietnam/","#ffffff !important;}“][vc_column][row_scroll entrance=“content-fly-up“ entrance_offset=“0″ exit_offset=“-20″][vc_row_inner bwd_show_when_date=“m/d/Y H:i“ bwd_show_when_date_end=“m/d/Y H:i“][vc_column_inner][ultimate_heading main_heading=“Herzlich Willkommen“ heading_tag=“h1″ main_heading_color=“#00305d“ main_heading_font_family=“font_family:Cormorant|font_call:Cormorant|variant:600″ main_heading_style=“font-weight:600;“]"
"2259","2020-02-28","internetbasiert","meine-wiking-welt - Golf III Variant. meine-wiking-welt.eu, 2020-02-28","https://www.meine-wiking-welt.eu/pkw/volkswagen/golf-iii-variant/","VW Golf Variant 07803 1996-1998 verkehrsgelb, IE mit separiertem Lenkrad basaltgrau, Innenspiegel Teil der Verglasung, plastische Scheibenwischer + Heckwischer, 2 Außenspiegel in Wagenfarbe, Frontscheinwerfer klartransparent + Rückleuchten rottransparent eingesetzt, Grill schwarz mit VW-Emblem silbern, Gelblichbalken verkehrsgelb mit Mittelsteg, ""120 ÖAMTC "" auf den Türen, Türgriffe + Räder zweiteilig VW Alufelgen durchbrochen mit aufgezogenen Reifen, Bodenplatte schwarz, Bodenprägung modernes Wiking-Logo + ""Germany""."
"2260","2019-11-26","internetbasiert","Panel für Fertilität - CeGaT GmbH. CeGaT GmbH, 2019-11-26","https://www.cegat.de/diagnostik/panel-diagnostik/fertilitaet/","Umfangreiche Befundung: Die Interpretation umfasst einzelne Nukleotidvarianten (single-nucleotide variant, SNVs), kleine Insertionen und Deletionen (INDELs) und Kopienzahlvarianten (copy number variants, CNVs) von einzelnen und / oder mehreren Exons."
"2261","2018-01-25","internetbasiert","Siemens öffnet IoT-Plattform MindSphere für andere Anbieter disruptiver Technologien. 0800hardware.de, 2018-01-25","http://0800hardware.de/siemens-oeffnet-iot-plattform-mindsphere-fuer-andere-anbieter-disruptiver-technologien/","Small (45mm x 18mm), robust and powerful board; 3.3V variant of the Nano family."
"2262","2019-02-16","internetbasiert","Biberacher Fastenbrezel. hefe-und-mehr.de, 2019-02-16","https://www.hefe-und-mehr.de/2019/02/biberacher-fastenbrezel/","bei uns gibt es auch noch die lichtmess bretzel. das ist auch eher eine susse variante und natürlich nicht gelaugt. hat mein Opa immer als besonders grosse bretzel machen müssen für die provisoren des Altenheimes. backt meine Mutter heute noch immer nach."
"2263","2019-09-25","internetbasiert","Smart Variant CON - CADBAS GmbH. CADBAS GmbH, 2019-09-25","https://www.cadbas.de/smart-variant-con/","Auch in diesem Jahr wird CADBAS wieder auf der Smart Variant CON vom 29. Juni bis zum 1. Juli 2022 in Berlin vertreten sein."
"2264","2018-02-03","internetbasiert","TA Technix PU-Buchsen passend für Audi A3 / TT / Seat Leon / Toledo / Skoda Octavia / VW Golf / Jetta / Eos / Passat / Scirocco / Touran / Spurstange Hinterachse unten / - aussen | STW Tuning - Ihr Onlineshop für KFZ-Tuning & Ersatzteile. stwtuning.de, ...","https://www.stwtuning.de/marken/tatechnix/ta-technix-pu-buchsen-passend-fuer-audi-a3-tt-seat-leon-toledo-skoda-octavia-vw-golf-jetta-eos-passat-scirocco-touran-spurstange-hinterachse-unten-aussen_68487_50916","[...] Skoda Octavia (1Z), Superb II (3T), Yeti (5L) VW Beetle (5C), VW CC (3C), Eos (1F) Golf Plus (5M), Golf V (1K), Golf VI (1K-5K), VW Golf VI Variant (AU-AJ), Golf VI Cabriolet (AU-517), Golf Plus (5M), VW Jetta III+IV (1K), VW Passat/CC (3C), Scirocco III (13), Tiguan (5N) Touran (1T) siehe Abb. in Einbauposition (PDF): VW Golf V+VI ( Bildnummer 5) [...]"
"2265","2020-08-01","internetbasiert","Ölwechsel VW Golf 8 – Kosten, Intervalle, Ölmengen und Freigaben. repareo.de, 2020-08-01","https://www.repareo.de/oelwechsel-vw-golf-8/","Jeder Motortyp hat seine individuelle Füllmenge: Beispielsweise die 110 kW Motoren DTSA und DTSB, die beim Golf 8 Variant 2,0 zum Einsatz kommen, benötigen jeweils 5,5 Liter Motoröl."
"2266","2018-05-08","internetbasiert","VW 1600 Variant Typ 3 1973 | Automobile Lopp in Mühlhausen. Copyright 2020 www.audaris.de, 2018-05-08","https://www.automobile-lopp.de/blog/167/vw-1600-variant-typ-3-1973/","Hersteller: VW Typ: 1600 Variant Typ 3 Erstzulassung: 05.06.1973 Leistung: 40kW(54PS) Vmax: 135km/h"
"2267","2020-01-01","internetbasiert","Bonrath Federteller Audi A4 + A6, VW Passat 3B, -15mm Tieferlegung 2.Wahl | ex_technik. Ex_Technik, 2020-01-01","https://ex-technik.de/produkt/bonrath-federteller-audi-tt-seat-leon-skoda-octavia-vw-golf-4-10mm-tieferlegung/","VW Passat 3B Variant (Kombi) ab 1997 (von Fahrgestellnr. 3B…V…0001 bis 3B…YE…121221)"
"2268","2020-11-26","internetbasiert","PHEV-Versionen des VW Arteon kosten gut 50.000 Euro - electrive.net. electrive.net, 2020-11-26","https://www.electrive.net/2020/11/26/phev-versionen-des-vw-arteon-kosten-gut-50-000-euro/","Damit liegt der Arteon erwartungsgemäß etwas unter dem Passat Variant, dennoch soll der Lifestyle-Kombi bis zu 2,1 Meter lange Gegenstände laden können. volkswagen-newsroom.com"
"2269","2019-01-01","internetbasiert","Trainingsmesser ""EVA"", 3 Formen | KWON. Kampfsport-24.com, 2019-01-01","https://www.kampfsport-24.com/brands/kwon/4182/trainingsmesser-eva-3-formen-kwon","Trainingsmesser ""EVA"", verschiedene Formen SICHERES TRAININGSMESSER IN DREI VARIANTEN FEATURES"
"2270","2019-01-04","internetbasiert","Tesla öffnet Model-3-Konfigurator für deutsche Kunden. ecomento.de, 2019-01-04","https://ecomento.de/2019/01/04/tesla-oeffnet-model-3-konfigurator-fuer-deutsche-kunden/","Wie bei den bisherigen teuren varianten auch!"
"2271","2018-04-19","internetbasiert","IoT-Cloud und -Linux von Microsoft. 0800hardware.de, 2018-04-19","http://0800hardware.de/iot-cloud-und-linux-von-microsoft/","The ease of use of a Nano board with the addition of secure IoT and BT connectivity Small (45mm x 18mm), robust and powerful board; 3.3V variant of the Nano family."
"2272","2020-05-12","internetbasiert","Nordvpn ich bin geschützt – Nordvpn | Erwartete Auswirkungen. Bester VPN-Vergleicher, 2020-05-12","http://minecraftopia.de/nordvpn-ich-bin-geschutzt-nordvpn-erwartete-auswirkungen/","Zusammenarbeit mit dem sich tag erhöht ihre privatsphäre ist Anwendung ähnlich nordvpn aber sogar dauerhaft kostenlos ihre medienbilder, musik, spiele der anonymen zahlungsarten und sicher auf die vpn-app von erfahrungen, die deutschsprachigen lieblingsserien aus dem gefragten dateien fungiert als eine sparversion des 8. Sünder bezeichnen wir expressvpn und nordvpn oder ein paar weitere varianten ein unsicheres netz über 5 preisgünstigen anbieter, mit die meisten kostenlosen vpn-anwendungen hat zenmate eigentlich benötigen."
"2273","2018-02-19","internetbasiert","So werden die Double Pumpguns in Fortnite: Battle Royale generft. Mein-MMO.de, 2018-02-19","https://mein-mmo.de/fortnite-battle-royale-nerf-double-pumpguns/","Wenn es so OP ist dann sollen sie die pumps schwächer oder in stärkeren varianten seltener machen!"
"2274","2018-03-28","internetbasiert","callback Funktionen – Funktionen als Argument von Funktionen. mediaevent.de, 2018-03-28","https://www.mediaevent.de/javascript/callback-function.html","Eine häufig verwendete Variant der anonymen Funktion ist z.B. addEventListener:"
"2275","2019-10-16","internetbasiert","Der neue Passat und Passat Variant - Auto ERZ GmbH. Auto ERZ GmbH, 2019-10-16","https://www.auto-erz.de/2019/10/der-neue-polo/","Der neue Passat und Passat Variant"
"2276","2020-09-21","internetbasiert","Jetzt bestellbar: Der neue VW Golf Variant. Autohaus Stoppanski, 2020-09-21","https://www.stoppanski.de/news/golf-variant-bestellbar/","Volkswagen hat die Ausstattungsmatrix des Golf Variant neu konfiguriert:"
"2277","2019-01-01","internetbasiert","clog vegan cognac. Klox Online-Shop, 2019-01-01","https://www.klox.de/de/holzclogs/206/clog-vegan-cognac","(dieses modell gibt es auch in der klassischen variante mit pflanzlich gegerbtem leder)"
"2278","2020-01-01","internetbasiert","Volkswagen VW 411. vw-411.de, 2020-01-01","http://vw-411.de/Testberichte-1968/Volkswagen-VW-411/","[...] Großer Vergleich mit VW 411 LE Testberichte VW 412 1972 - Der Neue VW 412 1972 - Vergleichstest K 70 + 412E 1973 - Die Schnelläufer 1973 - Test VW 412 Vergaser 1974 - Test VW 412 LS Presseberichte VW 411 2019 - Das Einzelstück 2019 - Der Himmlische 2018 - 50 Jahre VW 411/412 2018 - 11er Freunde 2018 - Die Neuen von `68 2017 - Kultlimousinen um 10.000 € 2016 - Unterschätzte Grössen 2016 - Der Löschzug rückt an! 2016 - VW 411 LE Variant im Vergleich 2014 - PAPIS BESTER? 2014 - Der vergessene Volkswagen 2013 - Konzernrivalen - VW 411, K 70 und Audi 100 LS 2013 - Die Letzten ihrer Art. 2013 - Welcher VW ist der beste? [...]"
"2279","2020-01-01","internetbasiert","RMM Metallbearbeitung GmbH – Unternehmensprofil. RMM Metallbearbeitung GmbH, 2020-01-01","https://www.rmm-metallbearbeitung.de/rmm-gmbh-unternehmen/","[...] btn2_text_color=“#ffffff“ btn2_text_hovercolor=“#333333″ title_font_size=“desktop:18px;“ title_line_ht=“desktop:28px;“ btn_border_radius=“2″ btn1_heading_style=“font-weight:700;“ btn2_heading_style=“font-weight:700;“ css_dualbtn_design=“.vc_custom_1572949859202{margin-top: 0px !important;margin-bottom: 0px !important;padding-top: 0px !important;padding-bottom: 0px !important;}“ btn_width=“250″ btn1_font_family=“font_family:Roboto|font_call:Roboto|variant:700″ btn2_font_family=“font_family:Roboto|font_call:Roboto|variant:700″][/vc_column][/vc_row][vc_row full_width=“stretch_row_content“ bg_type=“image“ parallax_style=“vcpb-default“ bg_image_new=“id^53547|url^https://www.rmm-metallbearbeitung.de/wp-content/uploads/2019/11/IMG_4440.jpg|caption^Fotos für RMM Ralf Müller Metallbearbeitung|alt^null|title^Einfaches Nutzungsrecht (Druck und Internett) für Firma RMM Ilmenau Weitervermarktung Peter Kehrle|description^null“ bg_image_repeat=“no-repeat“ bg_img_attach=“fixed“ bg_override=“ex-full“ enable_overlay=“enable_overlay_value“ overlay_color=“rgba(0,0,0,0.55)“ overlay_pattern=“transperant“ overlay_pattern_opacity=“15″ type=“vc_default“ [...]"
"2280","2019-08-06","internetbasiert","Was tun bei einem Notfall im Iseltal?. Dolomitenstadt, 2019-08-06","https://www.dolomitenstadt.at/2019/08/06/was-tun-bei-einem-notfall-im-iseltal/","du wirst nicht umhin kommen einzusehen, dass es der matreier bürgermeister war, der ein vollmundig und langatmig formuliertes „amtsblatt“ verschickte, in dem er das bisherige notarztsystem diskreditiert und für obsolet erklärt. darin präsentierte köll auch seine neue variante, die dem heliunternehmen knaus plötzlich eine zentrale rolle bei der medizinischen nahversorgung im iseltal einräumt. du brauchst in deinem posting dr. walder nicht erst hochzuloben, um ihn dann im nächsten absatz in die wüste zu schicken. auch wenn du damit vordergründig kölls absichten bekräftigen willst."
"2281","2020-01-01","internetbasiert","25-300. isover.ch, 2020-01-01","https://www.isover.ch/de/solutions/25-300","Description Unité 1 Unité 2 Variant 1 Variant 2 Variant 3 Variant 4 Variant 5 Variant 6 Gipsfaserplatte d [mm] – – 10 10 Gipsfaserplatte d [mm] 12.5 12.5 12.5 12.5 Holzständer 60 x 60 mm h [mm] 60 – 60 – Holzständer 60 x 120 mm h [mm] –"
"2282","2020-01-01","internetbasiert","Floodhunter (Midrange) - ausführlicher Guide - Hearthstone Deck-Guide. HearthstoneHeroes.de, 2020-01-01","https://www.hearthstoneheroes.de/decks/floodhunter-midrange-ausfuehrlicher-guide/","Die Variante mit Wildtieren ist die synergiereichste Variant des Decks, aber auch die am stärksten von den Kombinationen abhängig."
"2283","2020-05-25","internetbasiert","Nordvpn für iphone herunterladen – Nordvpn | Wie verwenden Sie es?. Bester VPN-Vergleicher, 2020-05-25","http://minecraftopia.de/nordvpn-fur-iphone-herunterladen-nordvpn-wie-verwenden-sie-es/","Um spezielle server und das geld im vergleich zur verschlüsselung ein enthusiast für wenige minuten eine variante, bei einem vpn zwischen expressvpn an, sondern auch mit nordvpn prüfung von bitdefender premium die einrichtung von potentiellen kunden in erfahrung zurückführen, die serverzuordnung/-liste und er zwar immer geschützt werden und gibt es nichts gefunden werden."
"2284","2020-01-01","internetbasiert","Variant Hochlader Anhänger P3 3018 Comfort|175x315cm 3,0t. Koch Anhängerwerke, 2020-01-01","https://www.kochanhaengerwerke.de/angebote/variant-hochlader-anhaenger-p3-3018-comfort-175x315cm-3-0t","Variant Hochlader Anhänger P3 2018 Comfort | 175x315cm 2,0t"
"2285","2020-08-01","internetbasiert","Runde Taster mit Beleuchtung - wer bietet sowas noch an? Ersatzteilversand. forum.electronicwerkstatt.de, 2020-08-01","https://forum.electronicwerkstatt.de/phpBB/Elektroinstallation/runde_taster_mit_beleuchtung_wer_bietet_sowas_noch_an-t66232f17_bs0.html","also diese variante mit der weißen led hats in sich... @ WienStrom iss das diese variante wie sie auch von moeller benutzt wurde also fuer die einsaetze ? habe das maß nicht im kopf, aber in dem ring sind in der regel 4 einkerbungen und in dem gegenstueck ( taster/lampe/notausschalter / etc ) da iss nur eine kerbe, zum fixieren auf diese position glaube das lochmaß betraegt so zwischen 20 und 30 mm durchmesser . iss jetz aus dem kopf zusammengeschustert ... weil davon habe ich noch jede menge UP blenden in weiß und gelb ..."
"2286","2018-11-23","internetbasiert","Fototische. studiotische.de, 2018-11-23","https://www.studiotische.de/Fototische","Der „Variant MAXI“ vereint alle Vorteile des Photostar „Variant“ mit einer ca. 80% tieferen Arbeitsfläche, die sowohl vertikal als auch horizontal zum Einsatz kommen kann und damit die perfekte Lösung für Aufnahmen größerer Objekte darstellt."
"2287","2020-01-01","internetbasiert","Zündleitung. BERU Zündungsteile | BERU – Ihr Experte für Zündungstechnik, 2020-01-01","https://www.beruparts.de/find-my-part/9740060/beru-by-driv/zundung/zundleitung/va127a.pd.html","Marke Variante Motor Aktion {{fitment.make}} {{fitment.variant}} {{fitment.engine_display}}"
"2288","2018-12-11","internetbasiert","211+ Base | S4LT. S4LT, 2018-12-11","https://www.s4lt.de/211plus-base","Die 211 Base wurde von Beginn an so konzipiert, dass sie in der Preisgünstigeren geklebten variante als auch in der hochwertigeren verschraubten Variante funktioniert."
"2289","2020-07-21","internetbasiert","INSPIRATIONEN - gabarage upcycling design. Gabarage Upcycling Design, 2020-07-21","https://www.gabarage.at/inspirationen/","taschen in allen varianten"
"2290","2020-08-01","internetbasiert","Limited Edition Jewellery. sebastianneeb.de, 2020-08-01","https://www.sebastianneeb.de/jewellery/","In the end, a unique variant of the ring is created."
"2291","2020-01-01","internetbasiert","Prototypen. RMM Metallbearbeitung GmbH, 2020-01-01","https://www.rmm-metallbearbeitung.de/know-how/prototypen/","[...]333333″ icon=“none“ icon_size=““ btn_icon_pos=“ubtn-sep-icon-right-rev“ btn_border_style=“solid“ btn_color_border=“#ffffff“ btn_color_border_hover=“#ffffff“ btn_border_size=“2″ btn_radius=“2″ btn_font_style=“font-weight:700;“ css_adv_btn=“.vc_custom_1572949728024{margin-top: 0px !important;margin-bottom: 0px !important;padding-top: 0px !important;padding-bottom: 0px !important;}“ btn_font_size=“desktop:18px;“ btn_line_height=“desktop:28px;“ btn_font_family=“font_family:Roboto|font_call:Roboto|variant:700″][/vc_column][/vc_row] [...]"
"2292","2018-07-23","internetbasiert","Die Reserveradhalterung (Ersatzrad) ist nun auf dem Sprinter-Dach …. DRAUZZEN, 2018-07-23","https://drauzzen.de/reserveradhalterung-ersatzrad-sprinter/","ich habe eine andere variante gewählt, da das Dach mit Surfmaterial belegt ist."
"2293","2019-07-28","internetbasiert","GRAPHIC NOVEL „GEVATTER“ - Glücklicher Montag. Glücklicher Montag, 2019-07-28","https://gluecklicher-montag.de/graphic-novel-gevatter/","Schwarwel Cover: Schwarwel (Regular Edition), Sascha Wüstefeld (Variant Edition)"
"2294","2018-11-18","internetbasiert","Honor 10 lite soll ab 229 Euro zu haben sein. Testberichte, News, Tablets & Smartphones, 2018-11-18","https://www.appdated.de/2018/11/honor-10-lite-soll-am-21-november-vorgestellt-werden/","While the base variant of the smartphone comes equipped with 4GB of RAM and 64GB of internal storage in China, our source claims the Honor 10 Lite base variant in Europe will feature 3GB of RAM and 64GB of internal storage."
"2295","2019-05-08","internetbasiert","BLOG 2021/2022 - carsandcritics. Carsandcritics, 2019-05-08","https://carsandcritics.de/blog-blog-blog-blog/","Oder KHK Sörensen fährt einen seltenen Syncro, dann als Variant, mit permanentem Allradantrieb, aber dann dreht höchst selten bei diesem System ein Hinterrad durch."
"2296","2020-01-01","internetbasiert","VW Passat Variant Elegance Premium 2.0 TDI SCR 4Motion 240PS DSG | EU Neuwagen | Jütten und Koolen. Jütten und Koolen, 2020-01-01","https://www.juetten-koolen.de/fahrzeuge/eu-neuwagen/VW-Passat-Variant-Elegance-Premium-2.0-TDI-SCR-4Motion-240PS-DSG_29-B5_612","Wissenswertes zum VW Passat Variant Lieferzeit beim Volkswagen Passat Variant Die Lieferzeit beim Volkswagen Passat Variant Neuwagen ist abhängig vom jeweiligen Modell und der Ausstattung."
"2297","2020-01-24","internetbasiert","VW Passat Variant Facelift - Der Kronprinz - NewCarz.de. NewCarz.de, 2020-01-24","https://www.newcarz.de/2020/01/24/vw-passat-variant-facelift-der-kronprinz/","Technische Daten: VW Passat Variant Facelift “Edition”"
"2298","2020-10-15","internetbasiert","Clark - 6250 - Steimel Sitzmöbelfabrik. Steimel Sitzmöbelfabrik, 2020-10-15","https://steimel.de/produkt/clark-6250/","VAriante –"
"2299","2020-05-07","internetbasiert","B30-Rossolimo Variante. schach-dreier.de, 2020-05-07","https://www.schach-dreier.de/Schachbuecher/Datentraeger/Eroeffnungen/B20-Sizilianisch/B30-Rossolimo-Variante","Startseite Impressum AGB Widerrufsbelehrung Datenschutz Kontakt Kategorien Impressum Neuheiten Sonderangebote Modernes Antiquariat / Antiquariat Ramschkiste / 0 - 3 € Schachbücher/Datenträger Eröffnungen SOS Repertoires A00-Sokolski A01-Larsen-Eröffnung A02-Bird-Eröffnung A07-Königsindischer Angriff A09 Reti-Eröffnung A15-Englisch A16-Englische Eröffnung A40-Englische- Verteidigung A45-Trompowski-Angriff A48-Königsindischer Aufbau A51-Budapest Gambit A53-Alt Indisch A57-Wolga-Benkö Gambit A60-Modern Benoni A80-Holländisch B01-Skandinavisch B02-Aljechin-Verteidigung B06-Modern Defence B07-Pirc-Ufimzew B10-Caro-Kann B20-Sizilianisch B23-Geschlossenes System B29-Nimzowitsch-Rubinstein-Variante B30-Rossolimo Variante B33-Lasker/Sweshnikow B60-Richter/Rauser-Angriff B70-Drachenvariante B80-Scheveninger Variante B21- Sizilianisch Morra-Gambit B70-Sizilianisch (Drachenvariante)"
"2300","2018-03-14","internetbasiert","Steckregale. dc-we.de, 2018-03-14","http://www.dc-we.de/produkte/innenausbau/buerotrennwaende/styleline/","Styleline variant Hutprofile aus lackiertem Stahl mit Kunststoff-Einlegeleisten."
"2301","2020-08-17","internetbasiert","Leist.-Info - Kopie Team Würzburg. Leist.-Info, 2020-08-17","https://www.kopie-team-wuerzburg.de/leist-info/","Wählen sie aus 5 versch. druck varianten die passende aus und entscheiden sie was darauf gedruckt werden soll."
"2302","2020-03-30","internetbasiert","Ionenblasdüsen Archive - IONTIS Elektrostatik GmbH. IONTIS Elektrostatik GmbH, 2020-03-30","https://www.iontis.de/category/entladung/ionenblasduesen/","Variante Inline Ionisator"
"2303","2019-03-13","internetbasiert","Mit intelligenten IoT-Gateways lassen sich zahlreiche Anwendungen von der Datenerfassung über Edge Computing bis zur Fernwartung realisieren.. Mit intelligenten IoT-Gateways lassen sich zahlreiche Anwendungen von der Datenerfassung über Edge Computing b...","http://0800hardware.de/mit-intelligenten-iot-gateways-lassen-sich-zahlreiche-anwendungen-von-der-datenerfassung-ueber-edge-computing-bis-zur-fernwartung-realisieren/","Small (45mm x 18mm), robust and powerful board; 3.3V variant of the Nano family."
"2304","2018-11-06","internetbasiert","Mindestpreise auf real.de + EDI nutzen + Shopware-Variantenkonfigurator. reybex ERP Spezialist seit 2014. reybex Cloud ERP Software Lösung, 2018-11-06","https://testb.digitalesmarketing-impott.de/mindestpreise-auf-realde-edi-nutzen-shopware-variantenkonfigurator/","We have exciting news for you again: For real.de you can set the lower limit for your sales prices in reybex, use the EDI feature for bulk orders, set the variant configurator for Shopware and much more!"
"2305","2020-02-28","internetbasiert","meine-wiking-welt - Passat Variant V. meine-wiking-welt.eu, 2020-02-28","https://www.meine-wiking-welt.eu/pkw/volkswagen/passat-variant-v/","VW Passat Variant V"
"2306","2019-04-01","internetbasiert","Rolladen. Rolladen – ES -Sonnenschutz GmbH & Co. KG, 2019-04-01","https://es-sonnenschutz.de/aussenbereich/rolladen/","Elektromotor: Die bevorzugte Bedien- variante mit Drehmomentabschaltung und Thermoschutz (ohne Schalter)."
"2307","2018-05-31","internetbasiert","VW Passat Variant: Den neuen Volkswagen bewundern. Auto-Kombi, 2018-05-31","https://www.kombi.de/vw-passat-variant/","Serienmäßig kommt der aktuelle Variant mit einer Reihe von hochwertigen funktionalen, sicherheitsmäßigen und gestalterischen Merkmalen zur Auslieferung."
"2308","2020-01-01","internetbasiert","Brenderup Dreiseitenkipper TT5325-3500 180x325 3,5t|E-Pumpe. Koch Anhängerwerke, 2020-01-01","https://www.kochanhaengerwerke.de/kipper/3-seitenkipper/brenderup-dreiseitenkipper-tt5325-3500-180x325-3-5t-e-pumpe","Variant Heckkipper Variant 168x320cm 2,7t | E-Pumpe | Rampen | Gitter | Aktion"
"2309","2020-04-30","internetbasiert","VW mit Tageszulassung in München günstig kaufen | Lieferservice München. Copyright 2020 www.audaris.de, 2020-04-30","https://www.auto-korn.de/muenchen/vw/vw-tageszulassung/","Während Jetta und Golf Variant noch zu den Kompakten zählen, ist der Passat ein weiterer Klassiker, der bereits aus den 1970er Jahren bekannt ist."
"2310","2020-07-14","internetbasiert","Volkswagen laut Auszeichnung weltweit innovativster Autokonzern 2020. ecomento.de, 2020-07-14","https://ecomento.de/2020/07/14/volkswagen-weltweit-innovativster-autokonzern-2020-cam-pwc/","Die große masse der BEV-käufer in europa und china hat aber andere prioritäten und wird andere marken kaufen, die ab nächstes jahr in vielen varianten angeboten werden."
"2311","2018-03-13","internetbasiert","Aktualisierungen - Daten zu Treffen und bearbeitete Seiten. vw-411.de, 2018-03-13","http://vw-411.de/Aktualisierungen-Was-gibt-es-neues/","05.10.2018 - Vergleichstest: Ford 17 m Turnier - VW 411 LE Variant - ""Testberichte 1970""."
"2312","2018-08-16","internetbasiert","projektstudie hochhaus, unterengstringen. arch5.ch, 2018-08-16","https://arch5.ch/projektstudie-hochhaus-unterengstringen/","projektstudie hochhaus, unterengstringen Veröffentlicht 16. August 2018 projektstudie hochhaus unterengstringen wohnungsspiegel 40 wohnungen – 20 x 1½ zimmer | 20 x 2½ zimmer volumen ca. 13’500 m³, sia 116 grundstücksfläche 1’803 m² variante 1 variante 2 variante 3 Kategorien:mehrfamilienhäuser vorheriger Beitrag neubau efh mit doppelgarage, hüntwangen nächster Beitrag neubau mfh mit tiefgarage, höri"
"2313","2020-12-24","internetbasiert","Ermittlungen gegen Impfstoffhersteller?. Schariagegner, 2020-12-24","https://schariagegner.wordpress.com/2020/12/24/ermittlungen-gegen-impfstoffhersteller/","However: A variant with higher transmissibility (for #B117 estimated around 50% more) it will be much more difficult to contain spread EVEN with strict measures."
"2314","2019-03-23","internetbasiert","Smart door: Vodafone stellt IoT-Lösung für Mehrfamilienhäuser und Bürogebäude vor. 0800hardware.de, 2019-03-23","http://0800hardware.de/smart-door-vodafone-stellt-iot-loesung-fuer-mehrfamilienhaeuser-und-buerogebaeude-vor/","The ease of use of a Nano board with the addition of secure IoT and BT connectivity Small (45mm x 18mm), robust and powerful board; 3.3V variant of the Nano family."
"2315","2018-05-08","internetbasiert","VW 1600 Variant Typ 3 1973 | Automobile Lopp in Mühlhausen. Copyright 2020 www.audaris.de, 2018-05-08","https://www.automobile-lopp.de/blog/167/vw-1600-variant-typ-3-1973/","VW 1600 Variant Typ 3 1973"
"2316","2020-01-24","internetbasiert","Genetische Ursache für Mosaikerkrankung gefunden - Institut für Humangenetik. Institut für Humangenetik, 2020-01-24","https://www.humangenetik-umg.de/genetische-ursache-fuer-mosaikerkrankung-gefunden/","Yigit G, Saida K, DeMarzo D, … Wollnik B, Matsumoto N, Altmüller J. The recurrent postzygotic pathogenic variant p.Glu47Lys in RHOA causes a novel recognizable neuroectodermal phenotype."
"2317","2020-11-27","internetbasiert","Rechnung manuell erstellen. openolitor.org, 2020-11-27","https://openolitor.org/rechnung-manuell-erstellen/","VARIANTE DRUCK:"
"2318","2019-02-26","internetbasiert","Microsoft und Windows IoT : Gleiche Bits, anderes Verhalten. 0800hardware.de, 2019-02-26","http://0800hardware.de/microsoft-und-windows-iot-gleiche-bits-anderes-verhalten/","Small (45mm x 18mm), robust and powerful board; 3.3V variant of the Nano family."
"2319","2020-01-01","internetbasiert","Pongratz Heckkipper PK 1800 151x260cm 1,8t|Handpumpe|BWA. Koch Anhängerwerke, 2020-01-01","https://www.kochanhaengerwerke.de/kipper/rueckwaertskipper/pongratz-heckkipper-pk-1800-151x260cm-1-8t-handpumpe-bwa","Variant Heckkipper Variant 168x320cm 2,7t | E-Pumpe | Rampen | Gitter | Aktion"
"2320","2019-04-01","internetbasiert","Möglichkeiten für Klimmzüge. Trainingspläne für Anfänger und Fortgeschrittene, 2019-04-01","https://www.mehrklimmzuege.de/moeglichkeiten-fuer-klimmzuege/","Insbesondere für fortgeschrittene Kraftsportler ist diese variante daher wärmstens zu empfehlen."
"2321","2020-01-01","internetbasiert","22-210. isover.ch, 2020-01-01","https://www.isover.ch/de/solutions/22-210","[...] Description Unité 1 Unité 2 Variant 1 Variant 2 Variant 3 Variant 4 Variant 5 Variant 6 PB F 030 d [mm] 120 140 160 180 200 220 Wärmeschutz im Winter und Sommer * ** ** *** *** *** Wärmedurchgangskoeffizient U [W/(m2 K)] 0.21 0.18 0.16 0.15 0.13 0.12 Wärmeschutz im Sommer Wärmespeicherfähigkeit (mit Rsi) κi [Wh/m2 K)] 15 15 15 15 15 15 Schalldämmung Bewertetes Schalldämm-Mass Rw ca. [dB] 70 71 72 73 74 74 Ökologie Umweltbelastungspunkte UBP [Pt/(m2 a)] 1507 1524 1541 1558 1574 1591 Anteil Dämmung – [%] 7 8 9 10 11 12 [...]"
"2322","2019-03-27","internetbasiert","Mobilfunk und IoT: 5G wird gefeiert – allerdings etwas vorschnell. 0800hardware.de, 2019-03-27","http://0800hardware.de/mobilfunk-und-iot-5g-wird-gefeiert-allerdings-etwas-vorschnell/","The ease of use of a Nano board with the addition of secure IoT and BT connectivity Small (45mm x 18mm), robust and powerful board; 3.3V variant of the Nano family."
"2323","2019-12-22","internetbasiert","Tipps Archive - fullAccess. Fullaccess, 2019-12-22","https://www.fullaccess.de/access/tipps","Variablen des Typs Variant können alle beliebigen Standarddatentypen ersetzen."
"2324","2018-08-12","internetbasiert","3D Druck - EQ5 Goto Nema17 Motor Bracket Set. 3d-loewe.de, 2018-08-12","https://www.3d-loewe.de/p/eq5-goto-nema17-motor-bracket-set","Variante 1: DEC base"
"2325","2018-10-02","internetbasiert","Infor stellt Plattform für IoT vor. 0800hardware.de, 2018-10-02","http://0800hardware.de/infor-stellt-plattform-fuer-iot-vor/","Small (45mm x 18mm), robust and powerful board; 3.3V variant of the Nano family."
"2326","2019-11-15","internetbasiert","Automatisches Ziehen einer Reportingvariante. berater-wiki.de, 2019-11-15","https://www.berater-wiki.de/Automatisches_Ziehen_einer_Reportingvariante","lv_variant = 'STANDARD'. call function 'RS_SUPPORT_SELECTIONS' exporting report = lv_report variant = lv_variant exceptions variant_not_existent = 1 variant_obsolete = 2 others = 3. if sy-subrc <> 0. * Variante & ist nicht vorhanden message i809(00) with lv_variant. endif. endform."
"2327","2020-03-02","internetbasiert","Träumeland Außenschlafsack LIEBMICH Exklusiv | Kinderhaus Blaubär. kinderhaus-blaubaer.de, 2020-03-02","https://www.kinderhaus-blaubaer.de/traeumeland-aussenschlafsack-liebmich-exklusiv_31279_49611","[...] { _tsRatingConfig = { tsid : 'X0C74C395F78C2D0663798C126CCFC286', element : '#ts_review_sticker', variant : 'testimonial', reviews : '5', betterThan : '3.0', richSnippets : 'on', backgroundColor : '#FFDC0F', linkColor : '#000000', quotationMarkColor : '#FFFFFF', fontFamily : 'Arial', reviewMinLength : '10' }; var scripts = document.getElementsByTagName('SCRIPT'), me = scripts[scripts.length - 1]; var _ts = document.createElement('SCRIPT'); _ts.type = 'text/javascript'; _ts.async = true; _ts.src = '//widgets.trustedshops.com/reviews/tsSticker/tsSticker.js'; me.parentNode.insertBefore(_ts, me); _tsRatingConfig.script = _ts; })(); [...]"
"2328","2019-05-10","internetbasiert","Blockchain, KI, IoT: Samsung SDS treibt die digitale Transformation voran. 0800hardware.de, 2019-05-10","http://0800hardware.de/blockchain-ki-iot-samsung-sds-treibt-die-digitale-transformation-voran/","Small (45mm x 18mm), robust and powerful board; 3.3V variant of the Nano family."
"2329","2020-06-13","internetbasiert","Detective Comics #1027 wird zum Jubiläums-Special. Das Batman-Projekt, 2020-06-13","https://batmanprojekt.com/2020/06/13/detective-comics-1027-wird-zum-jubilaeums-special/","Neben dem Cover von Andy Kubert erscheinen zehn Variant Cover."
"2330","2019-03-04","internetbasiert","Explosiv!. NelFaro.Art, 2019-03-04","https://nelfaro.art/2019/03/04/explosiv/","Egal was die Gründe waren – beide varianten passen perfekt und haben ein schönes Ergebnis erzielt."
"2331","2018-10-10","internetbasiert","Ein Kreuzfahrtschiff ist so dreckig wie 21,45 Millionen VW Passat. Epoch Times www.epochtimes.de, 2018-10-10","https://www.epochtimes.de/politik/deutschland/schiffe-sind-besonders-dreckige-verkehrsmittel-schiffffahrt-will-die-maritime-energiewende-a2266359.html","Diese Feinstaubmenge entspricht 21,45 Millionen VW Passat (Variant 2.0 TDI mit 190 PS), schreibt die „Autozeitung“– täglich."
"2332","2019-11-05","internetbasiert","Conan der Barbar Classic Collection 2, 101,80 €. Conan der Barbar Classic Collection 2, 101,80 €, 2019-11-05","https://www.merchfox.at/Conan-der-Barbar-Classic-Collection-2","Deutsch Format: Hardcover (HC) Variantcover: kein Variant Erstveröffentlichung: 05.11.2019 Seiten: 860 Autor/en:"
"2333","2018-02-11","internetbasiert","VW Passat Variant 1.8TSI DSG mieten. VW Passat Variant 1.8TSI DSG, 2018-02-11","https://www.rentscout.ch/vw-passat-variant-1-8tsi-dsg.html","VW Passat Variant 1.8TSI DSG mieten"
"2334","2020-01-01","internetbasiert","21-300. isover.ch, 2020-01-01","https://www.isover.ch/de/solutions/21-300","Description Unité 1 Unité 2 Variant 1 Variant 2 Variant 3 Variant 4 Variant 5 Variant 6 PB F 030 d [mm] 60 60 80 100 120 140 PB F 030 d [mm] 60 80 100 100 120 140 Wärmeschutz im Winter und Sommer * * ** ** *** *** Wärmedurchgangskoeffizient:"
"2335","2020-08-02","internetbasiert","Bescherung bei Europcar – günstige Mietwagenangebote für die Festtage. hasselwander.co.uk, 2020-08-02","https://www.hasselwander.co.uk/bescherung-bei-europcar-gunstige-mietwagenangebote-fur-die-festtage/","Im Rahmen des Weihnachts-Specials erhalten Kunden bei allen Reservierungen, die ab sofort und bis zum 1. Januar 2013 für eine Anmietung im Zeitraum vom 20. Dezember 2012 bis 6. Januar 2013 getätigt werden, einen Kombi Mietwagen der Kategorie Compact, beispielsweise einen VW Golf Variant, schon ab 32 Euro pro Tag (für eine Anmietung von sieben Tagen, inkl. 2.100 km, Mehr-km 0,20 Euro, Online-Prepaid-Zahlung)."
"2336","2018-01-30","internetbasiert","Für die meisten IoT-Szenarien unnötig: Thingstream setzt auf Verfügbarkeit statt auf 5G. 0800hardware.de, 2018-01-30","http://0800hardware.de/fuer-die-meisten-iot-szenarien-unnoetig-thingstream-setzt-auf-verfuegbarkeit-statt-auf-5g/","Small (45mm x 18mm), robust and powerful board; 3.3V variant of the Nano family."
"2337","2018-05-17","internetbasiert","Cumulocity IoT der Software AG erleichtert Trackerando das Tracking von Personen, Haustieren und Gegenständen. 0800hardware.de, 2018-05-17","http://0800hardware.de/cumulocity-iot-der-software-ag-erleichtert-trackerando-das-tracking-von-personen-haustieren-und-gegenstaenden/","Small (45mm x 18mm), robust and powerful board; 3.3V variant of the Nano family."
"2338","2019-04-09","internetbasiert","Stiftung Sarahtest: SchlüpperSchnitte. heibchenweise.de, 2019-04-09","https://heibchenweise.de/stiftung-sarahtest-schluepperschnitte","Eine optisch schöne variante."
"2339","2020-04-29","internetbasiert","Zweite SARS-CoV-2-Infektionsschutzmaßnahmenverordnung – Teil III - Lauffen Testet. Lauffen Testet, 2020-04-29","https://lauffen-testet.de/corona-infektionsschutzmassnahmenverordnung-teil3/","Personen im Sinne des § 6c bedürfen vorbehaltlich der Absätze 2 und 3 keiner Absonderung, wenn sie als enge Kontaktperson zu einer mittels PCR-Testung positiv auf SARS-CoV-2-getesten Person identifiziert werden, soweit bei der getesteten Person keine Infektion mit einer besorgniserregenden Virusvariante (Variant of Concern – VoC), mit Ausnahme der VoC B1."
"2340","2020-08-05","internetbasiert","Schaltnetzteil 0-40V / 0-30A oder 0-40A regelbar!!!??? Ersatzteilversand. forum.electronicwerkstatt.de, 2020-08-05","https://forum.electronicwerkstatt.de/phpBB/Projekte_im_Selbstbau/schaltnetzteil_0_40v_0_30a_oder_0_40a_regelbar-t63120f34_bs0.html","kennst du ne günstige variante zum teueren Ringkerntrafo =?"
"2341","2020-08-30","internetbasiert","Auf dem Stockalperweg über den Simplonpass - als nuff!. Als Nuff!, 2020-08-30","https://alsnuff.ch/auf-dem-stockalperweg-ueber-den-simplonpass/","Wir entscheiden uns für die ‚Light’variante, ansonsten wäre die Etappe doch etwas zu monströs geworden."
"2342","2019-01-01","internetbasiert","Original Aluminium Felge VW | Top-Preis: 1.104,90 €. Top-Preis: 1.104,90 €, 2019-01-01","https://www.basenio.de/guenstig-kaufen/original-aluminium-felge-vw-57193/_golf-7/","[...] 110 PS VW Golf VII Variant 2013/04-2019/12 BA5 2.0 TDI 4motion 1968 ccm, 110 KW, 150 PS VW Golf VII Variant 2013/05-2019/12 BA5, BV5 1.4 TSI 1395 ccm, 103 KW, 140 PS VW Golf VII Variant 2017/04-2019/12 BA5, BV5 1.5 TSI 1498 ccm, 110 KW, 150 PS VW Golf VII Variant 2017/01-2019/12 BA5, BV5 1.0 TSI 999 ccm, 63 KW, 86 PS VW Golf VII Variant 2016/11-2019/12 BA5, BV5 2.0 GTD 1968 ccm, 130 KW, 177 PS VW Golf VII Variant 2016/12-2019/12 BA5, BV5 2.0 R 4motion 1984 ccm, 213 KW, 290 PS VW Golf VII Variant 2016/12-2019/12 BA5, BV5 2.0 R 4motion 1984 ccm, 228 KW, 310 PS [...]"
"2343","2020-07-27","internetbasiert","Schützschaltung Hebezeug Auf / Ab mit Endschalter Ersatzteilversand. forum.electronicwerkstatt.de, 2020-07-27","https://forum.electronicwerkstatt.de/phpBB/Projekte_im_Selbstbau/schuetzschaltung_hebezeug_auf_ab_mit_endschalter-t57968f34_bs0.html","Werde mich aber für die erste variante mit den zwei schützen entscheiden. hab aber noch ein zuordnungsproblem beim ordern der schütze. auch bei ebäh sind sehr viele im angebot mit mehr o. weniger vernuenftigen typangaben.kann man bei steuerspannung 24 DC V auch mit AC betreiben oder muss ein gleichrichter rein? welche moellertype wäre hier angesagt?"
"2344","2020-08-12","internetbasiert","Rückleuchte innen rechts VW Passat B8 Variant (3G) 2.0 TDI 110 kW 150 PS (11.2014-> ) | 101676. Kempers.de, 2020-08-12","https://www.kempers.de/rueckleuchte-innen-rechts-vw-passat-b8-variant-3g-3g9945094g/101676","Model: Passat B8 Variant (3G)"
"2345","2020-08-03","internetbasiert","Variant 3519 TB | 361x185cm - 3,5t | Dreiseitenkipper Anhänger mit Blattfederung & Stahlgitteraufsatz. PKW-Anhänger kaufen bei P+P Anhängercenter | Wohnmobil Vermietung & Anhängervermietung, 2020-08-03","http://www.ppanhaengercenter.com/store/p796/Variant-3519-TB-Dreiseitenkipper-Stahlgitteraufsatz.html","Variant"
"2346","2020-01-01","internetbasiert","Gitteraufsatz DDK 180x306. Koch Anhängerwerke, 2020-01-01","https://www.kochanhaengerwerke.de/et-shop/gitteraufsatz-ddk-180x306","Variant Heckkipper Variant 168x320cm 2,7t | E-Pumpe | Rampen | Aktion"
"2347","2020-01-01","internetbasiert","Matador MPS 400 Variant All Weather 2 175/65 R14 90 T. Autoreifenfinder, 2020-01-01","https://www.autoreifenfinder.ch/matador/mps-400-variant-all-weather-2/175-65-r14-90t-157302/","Bewerten Sie die Matador MPS 400 Variant All Weather 2"
"2348","2020-08-03","internetbasiert","Kastensystem. SHG Rolladen-Systeme GmbH, 2020-08-03","https://www.shginfo.de/rollladen-sonnenschutz-insektenschutz-garagentore-produkt/kastensystem/","Gründe für den Variant 2.0"
"2349","2018-04-05","internetbasiert","Neues Gen als ursächlich für EDS identifiziert! - Holy Shit I am Sick. Holy Shit I am Sick, 2018-04-05","https://www.holy-shit-i-am-sick.de/neues-gen-als-ursaechlich-fuer-eds-identifiziert/","Biallelic Alterations in AEBP1 Lead to Defective Collagen Assembly and Connective Tissue Structure Resulting in a Variant of Ehlers-Danlos Syndrome."
"2350","2019-01-18","internetbasiert","Tesla gibt weiteren Stellenabbau bekannt: ""Extrem schwierige Herausforderung"". ecomento.de, 2019-01-18","https://ecomento.de/2019/01/18/tesla-gibt-weiteren-stellenabbau-bekannt-extrem-schwierige-herausforderung/","2. noch keine produktion der 35.000 $ (netto!) variante kostendeckend, geschweige denn gewinnbringend möglich."
"2351","2018-02-03","internetbasiert","2 x Ta Technix Spurstange incl Spurstangenkopf Audi A4, A6, A8, Skoda Superb, Passat 3B/3BG,Vorderachse links + rechts | STW Tuning - Ihr Onlineshop für KFZ-Tuning & Ersatzteile. stwtuning.de, 2018-02-03","https://www.stwtuning.de/serienteile/spurstangenkopf/audi/2-x-streetstar-spurstange-incl-spurstangenkopf-audi-a4-a6-a8-skoda-superb-passat-3b-3bg-vorderachse-links-rechts_32540_8894","[...]) bis Baujahr 2005, auch geeignet für Qauttro Modelle A6 Avant (4B, C5) bis Baujahr 2005, auch geeignet für Qauttro Modelle A8 (4D2, 4D8) bis Baujahr 2002, auch geeignet für Qauttro Modelle SUPERB (3U4) bis Baujahr 2008 PASSAT (3B2) bis Baujahr 2008, , auch geeignet für 4motion Modell PASSAT Variant (3B5) bis Baujahr 2008, , auch geeignet für 4motion Modell PASSAT (3B3) bis Baujahr 2008, , auch geeignet für 4motion Modell PASSAT Variant (3B6) bis Baujahr 2008, , auch geeignet für 4motion Modell Teilehersteller: TA Technix Achse: Vorderachse, beidseitig verwendbar Lieferumfang: 2 x Spurtstange inkl. [...]"
"2352","2019-08-01","internetbasiert","Variant 35-161 von Hanse Haus | Fertighaus.de. Fertighaus.de, 2019-08-01","https://www.fertighaus.de/haeuser/hanse_variant35161/","Das Ausstellungshauses Variant 35-161 in Mannheim wurde beispielsweise um einen großflächig verglasten Erker am Wohnbereich erweitert, der den offenen Küchen- und Essbereich großzügiger gestaltet."
"2353","2020-07-07","internetbasiert","Die IT-Spezialisten bpi solutions und Diomex Software zeigen neue Lösungen zur Prozessoptimierung und zum Datenmanagement auf der imm cologne 2018. hasselwander.co.uk, 2020-07-07","https://www.hasselwander.co.uk/die-it-spezialisten-bpi-solutions-und-diomex-software-zeigen-neue-loesungen-zur-prozessoptimierung-und-zum-datenmanagement-auf-der-imm-cologne-2018/","Außerdem erleichtert die Software die Beratung und Planung von varianten Artikeln am POS durch die Integration des XcalibuR-Konfigurators in die grafische Kauferfassung oder die Anbindung des Webshops."
"2354","2020-01-01","internetbasiert","Debon Dreiseitenkipper DDK 180x306 2,6t|E-Pumpe|Aktion. Koch Anhängerwerke, 2020-01-01","https://www.kochanhaengerwerke.de/kipper/3-seitenkipper/debon-dreiseitenkipper-ddk-180x306-2-6t-e-pumpe-aktion","Variant Hochlader Anhänger P4 3021 Comfort | 205x415cm 3,0t"
"2355","2020-05-29","internetbasiert","Nordvpn stellvertretender bittorrent – Nordvpn | Foren. Bester VPN-Vergleicher, 2020-05-29","http://minecraftopia.de/nordvpn-stellvertretender-bittorrent-nordvpn-foren/","Außerdem bietet cyberghost natürlich auch anonyme zahlungsoptionen verfügbar, ebenso verschlüsselt und auch nutzbar zu einem webbrowser zum austausch, der auslastung der zugriff auf den zugang des nordvpn hat viele menschen, die nordvpn 39 Monate 30 Euro variante des servers wie sie nach militärstandards verschlüsselt."
"2356","2020-01-01","internetbasiert","Koch Deckelanhänger 125x250cm Höhe:50cm 1300kg|Typ 4.13. Koch Anhängerwerke, 2020-01-01","https://www.kochanhaengerwerke.de/koch-anhaenger/deckel-anhaenger/koch-deckelanhaenger-125x250cm-hoehe-50cm-1300kg-typ-4.13","Variant Hochlader Anhänger P3 2018 Comfort | 175x315cm 2,0t"
"2357","2020-08-12","internetbasiert","Kraftstoffpumpe VW Passat B6 Variant (3C5) 2.0 TDI 105 kW 143 PS (01.2009-11.2010) | 100711. Kempers.de, 2020-08-12","https://www.kempers.de/kraftstoffpumpe-vw-passat-b6-variant-3c5-3c0919050q/100711","Model: Passat B6 Variant (3C5)"
"2358","2019-01-01","internetbasiert","OMSI 2 Add-On Studio Polygon Lite Pack Steam Key für PC online kaufen. Gamesplanet.com, 2019-01-01","https://de.gamesplanet.com/game/omsi-2-add-on-studio-polygon-lite-pack-steam-key--2886-38","10.8m Non-Micro Hybrid Variant, with Engine/Gearbox Options listed above."
"2359","2020-06-11","internetbasiert","DIE CORONA-KORRUPTION - Dr. med. Marco Caimi | Männerpraxis. Dr. med. Marco Caimi | Männerpraxis, 2020-06-11","https://caimi-health.ch/2020/06/11/die-corona-korruption/","„Und auch die Übertragbarkeit von BSE auf den Menschen ist weder bei der klassischen Creutzfeldt-Jakob-Krankheit, kurz CJD, noch bei der neuen Verlaufsform — der new variant CJD oder nvCJD — erwiesen.“"
"2360","2018-08-15","internetbasiert","Variant 169 von Hanse Haus | Fertighaus.de. Fertighaus.de, 2018-08-15","https://www.fertighaus.de/haeuser/hanse-variant169/","Das Musterhaus Variant 169 bietet mit seinem flachen Satteldach und den zwei Vollgeschossen viel Raum."
"2361","2020-10-12","internetbasiert","schoko-olivenöl-roggen cookies. Surfing The Kitchen, 2020-10-12","https://surfingthekitchen.wordpress.com/2020/10/12/schoko-olivenol-roggen-cookies/","100 g muscovado zucker (wenn ihr habt die dunkle variante)"
"2362","2020-10-07","internetbasiert","Video-Dreh bei der Bauherrenfamilie Heil. Hanse Haus, 2020-10-07","https://www.hanse-haus.ch/de/fertighaus-referenzen/familie-heil/","Merkmale Hausserie Variant Hausname Variant 169 Verwendung Einfamilienhaus Dachform Satteldach Dachneigung 28 Grad Wohnfläche 180,00 m² Anzahl Geschosse 2 Baujahr 2016 Baudauer 15 Wochen"
"2363","2020-11-03","internetbasiert","VW Golf 8 Variant - Kompaktkombi in sechster Generation - NewCarz.de. NewCarz.de, 2020-11-03","https://www.newcarz.de/2020/11/03/vw-golf-8-variant-kompaktkombi-in-sechster-generation/","Der Zuwachs an Länge ordnet zudem die Proportionen neu und lässt den Golf Variant gestreckter und optisch flacher wirken."
"2364","2019-03-28","internetbasiert","Ortschaft in Brandenburg genießt IoT. 0800hardware.de, 2019-03-28","http://0800hardware.de/ortschaft-in-brandenburg-geniesst-iot/","The ease of use of a Nano board with the addition of secure IoT and BT connectivity Small (45mm x 18mm), robust and powerful board; 3.3V variant of the Nano family."
"2365","2019-03-28","internetbasiert","Neues Livevideo SUV. einmannmusik.de, 2019-03-28","https://einmannmusik.de/allgemein/neues-livevideo-suv.html","Da fährt eine sackschwere, übermotorisierte erhöhte Blechplattform durch die Gegend, die meist weniger Stauraum als ein einfacher Variant hat."
"2366","2018-09-13","internetbasiert","So bringen Sie IoT-Strategie und Datensouveränität in Einklang. 0800hardware.de, 2018-09-13","http://0800hardware.de/so-bringen-sie-iot-strategie-und-datensouveraenitaet-in-einklang/","Small (45mm x 18mm), robust and powerful board; 3.3V variant of the Nano family."
"2367","2018-11-14","internetbasiert","Industriemodems für LPWA-IoT-Anwendungen. 0800hardware.de, 2018-11-14","http://0800hardware.de/industriemodems-fuer-lpwa-iot-anwendungen/","Small (45mm x 18mm), robust and powerful board; 3.3V variant of the Nano family."
"2368","2020-12-17","internetbasiert","Keine Impfexperimente in NRW. Schariagegner, 2020-12-17","https://schariagegner.wordpress.com/2020/12/17/keine-impfexperimente-in-nrw/","A new COVID variant of the SARS-COV-2 virus, termed VUI–202012/01 (or lineage B.1."
"2369","2018-11-16","internetbasiert","Rückruf A6 / A7 - 200 kw 6 Zylinder-Diesel - Die technischen Hintergründe. Verbraucherschutz im Internet - Hilfe bei Abzocke, Abmahnung & Abgasskandal, 2018-11-16","https://www.verbraucherschutz.tv/2018/11/16/rueckruf-a6-a7-200-kw-6-zylinder-diesel-die-technischen-hintergruende","Nach 3 Passat Variant und nun den 3. Audi mit 4,2 und 2 3.0TDI überlege ich mir ob ich nicht doch mal auf einen Franzosen umsteigen soll."
"2370","2020-12-31","internetbasiert","VW Passat Variant EU Neuwagen | Jütten und Koolen. Jütten und Koolen, 2020-12-31","https://www.juetten-koolen.de/fahrzeuge/eu-neuwagen/VW-Passat-Variant/","Wenn Sie einen Passat Variant EU-Neuwagen online kaufen, erhalten Sie nicht nur großzügigen Platz für die Insassen, sondern auch im Kofferraum."
"2371","2020-12-01","internetbasiert","MICHAEL STICH. Galerie Roschlaub GmbH, 2020-12-01","https://galerie-roschlaub.com/products/michael-stich","[...]:\/\/cdn.shopify.com\/s\/files\/1\/0515\/1807\/9168\/products\/Michael_Stich_1170x1170_c0746c31-eda9-4cca-b7a1-0f8bcca07b17.jpg?v=1606848899"",""width"":936}],""requires_selling_plan"":false,""selling_plan_groups"":[],""content"":""\u003cmeta charset=\""utf-8\""\u003e\n\u003cp data-mce-fragment=\""1\""\u003egerahmt\u003c\/p\u003e\n\u003cp data-mce-fragment=\""1\""\u003eLimitierte Auflage (10), signiert\u003c\/p\u003e""};GRFQCollection[6094119403712]['collection'] = [];GRFQCollection[6094119403712][""collection""].push('237329547456'); Variante auswählen gerahmt Limitierte Auflage (10), signiertLesen Sie mehr gerahmt Limitierte Auflage (10), signiert Teilen [...]"
"2372","2019-03-18","internetbasiert","Faultier Kalender fürs kommende Schuljahr. skizzenmonster.de, 2019-03-18","https://skizzenmonster.de/faultier-kalender-fuers-kommende-schuljahr/","And again as well the english variant – the laziest sloth calendar as full year and as academic weekplaner featuring cool chilling sloth drawings and weekly lazy quotes and prompts:"
"2373","2018-06-19","internetbasiert","ARCore 1.3: Diese Smartphones werden kompatibel. Caschysblog, 2018-06-19","https://stadt-bremerhaven.de/arcore-1-3-diese-smartphones-werden-kompatibel/","– perhaps a different variant than we’ve seen before"
"2374","2018-03-29","internetbasiert","KI für IoT: ARM integriert Nvidias Deep Learning Accelerator in Project Trillium. 0800hardware.de, 2018-03-29","http://0800hardware.de/ki-fuer-iot-arm-integriert-nvidias-deep-learning-accelerator-in-project-trillium/","The ease of use of a Nano board with the addition of secure IoT and BT connectivity Small (45mm x 18mm), robust and powerful board; 3.3V variant of the Nano family."
"2375","2019-04-01","internetbasiert","Verbrauch und CO₂-Emissionen. VW Passat Variant 2.0 TDI Comfortline | Gebrauchtwagen, 2019-04-01","https://fischer-automobile.de/fahrzeuge/passat-variant-20-tdi-comfortline-112163","VW Passat Variant 2.0 TDI Comfortline Verbrauch und CO₂-Emissionen"
"2376","2019-07-09","internetbasiert","Eiszapfen Lichterkette FlashMotion 16M kaltweiß - RHEDSTORE. RHEDSTORE, 2019-07-09","https://www.rhedstore.de/produkt/eiszapfen-lichterkette-flashmotion-16m-kaltweiss/","Eine weitere variante der Eiszapfen Lichterketten stellen die verlängerbaren Systemkomponenten dar."
"2377","2018-10-10","internetbasiert","Blumenbrot – die französische glutenfreie Alternative zum Knäckebrot – Gewinnspiel. Zöliakie Austausch, 2018-10-10","https://www.zoeliakie-austausch.de/blumenbrot-die-franzoeische-glutenfreie-alternative-zum-knaeckebrot-gewinnspiel/","Die Kichererbsen variante hat mit 8 Gramm pro 100 Gramm einen sehr hohen Ballaststoffgehalt und zuätzlich einen Eisengehalt von 6,2 mg per 100 Gramm."
"2378","2018-07-11","internetbasiert","Erste Ausfahrt mit dem VW T-Cross!. Motorblock, 2018-07-11","https://motorblock.at/erste-ausfahrt-mit-dem-vw-t-cross/","Oder der VW T-Cross wird mit 385 oder 455 bis 1281 Litern Ladevolumen zu einer modischen Weiterentwicklung des Polo Variant."
"2379","2020-01-01","internetbasiert","VW Vorteilspakete für Modelle älter als 4 Jahre. Volkswagen Österreich, 2020-01-01","https://www.volkswagen.at/service-zubehoer/volkswagen-service/angebote-und-aktionen/vorteilspakete","[...] 12-16 241,- ab 186,- Polo Trommelbremse 03-09 265,- ab 206,- Polo Scheibenbremse 03-09 322,- ab 250,- Polo Trommelbremse 10-16 265,- ab 206,- Polo Scheibenbremse 10-16 312,- ab 250,- Golf V Frontantrieb 04-09 302,- ab 235,- Golf V 4Motion 04-09 453,- ab 351,- Golf VI Frontantrieb 09-13 400,- ab 309,- Golf VI 4Motion 09-13 453,- ab 351,- Golf VII Frontantrieb 12-16 393,- ab 313,- Golf VII 4Motion 12-16 528,- ab 409,- Golf Variant Frontantrieb 10-14 315,- ab 245,- Golf Variant 4Motion 10-14 458,- ab 354,- Golf Plus 10-16 400,- ab 309,- Touran 03-10 302,- ab 235,- Touran 11-16 304,- ab 246,- New Beetle 12-16 306,- ab 235,- Tiguan Frontantrieb 07-16 347,- ab 270,- Passat Frontantrieb 06-14 325,- ab 253,- Passat 4Motion 06-14 468,- ab 363,- Passat Frontantrieb 15-16 328,- ab 265,- Passat 4Motion 15-16 543,- ab 421,- Sharan Frontantrieb 10-16 316,- ab 246,- Sharan 4Motion 10-16 468,- ab 363,- [...]"
"2380","2020-05-23","internetbasiert","Nordvpn 翻 牆 – Nordvpn : Wir haben einige Tests für Sie durchgeführt.. Bester VPN-Vergleicher, 2020-05-23","http://minecraftopia.de/nordvpn-翻-牆-nordvpn-wir-haben-einige-tests-fur-sie-durchgefuhrt/","Und gezielt software-programme des namens oder im neuerlichen nordvpn selbst, zum beispiel der eu ist auch bedienerfreundliche apps, betriebssystem implementiert hat, geht vor allem auch über den sinn machen, da der beste kostenlose variante empfehlen wir behalten uns aber dass zeitweilig überlastungen führen sie ihre online-aktivitäten überwachen."
"2381","2020-08-01","internetbasiert","Wiking Neuheiten 8-2020. Region im Modell UG (haftungsbeschränkt) & Co. KG, 2020-08-01","https://region-im-modell.de/Modelle/Wiking-Neuheiten-8-2020","1:87 VW 1600 Variant ""Fuchs"
"2382","2020-08-08","internetbasiert","{ ""@context"": ""http://schema.org/"", ""@type"": ""Product"", ""name"": ""DTW Duotone iBase 2.0+ Joint (long pin) Mastfuß 2019"", ""image"": ""https://www.surftools.de/images/product_images/info_images/2019-DTW-Duotone-iBase-2,0+-Joint-(long-pin)-Mastfuß.jpg"", ""desc...","https://www.surftools.de/dtw-duotone-ibase-2-0-joint-long-pin-mastfuss-2019.html","This traditional variant uses the legendary, slightly softer original Powerjoint. For safety reasons, an external safety line is attached."
"2383","2018-02-21","internetbasiert","[aufgebraucht und aussortiert] jänner 2018. mademoiselles-beautyblog.blogspot.com, 2018-02-21","http://mademoiselles-beautyblog.blogspot.com/2018/02/aufgebraucht-und-aussortiert-janner-2018.html","hat funktioniert, für meinen geschmack aber zu viele rückstände im haar hinterlassen. mochte ich von allen getesteten varianten am wenigsten."
"2384","2020-02-20","internetbasiert","Severin MW 7874 im Test: Überzeugt die kompakte Mikrowelle?. Die Mikrowellen Tester, 2020-02-20","https://mikrowellen-tester.de/severin-mw-7874-test.html","varianten für verschiedene Gerichte dazu geliefert gehabt ( Hähnchen etc."
"2385","2020-01-01","internetbasiert","21-650. isover.ch, 2020-01-01","https://www.isover.ch/de/solutions/21-650","Description Unité 1 Unité 2 Variant 1 Variant 2 Variant 3 Variant 4 Variant 5 Variant 6 Kassettenbreite b [mm] 500 600 600 Kassettentiefe t [mm] 160 140 160 ISOLENE P 032 d [mm] 20 20 20 CLADISOL 032 d [mm] 80 60 80 CLADISOL 032 d [mm] 140 140 140 Wärmeschutz im Winter und Sommer ** ** ** Wärmedurchgangskoeffizient:"
"2386","2018-02-01","internetbasiert","compair – kompressoren. loew-design.de, 2018-02-01","https://loew-design.de/project/compair-kompressoren/","im rahmen unserer arbeit für compair haben wir verschiedene varianten der kompressorserie erstellt."
"2387","2020-02-06","internetbasiert","Motorola One 2020 und Moto G8 Power zum MWC 2020. GO2mobile, 2020-02-06","https://www.go2android.de/motorola-one-2020-und-moto-g8-power-zum-mwc-2020","SoC Qualcomm Snapdragon 765 Qualcomm Snapdragon 865 RAM 6 GB 8 GB/12 GB Storage 128 GB ??? Rear Camera(s) 48 MP + ??? ??? Front Camera(s) ??? ??? Battery 4.660 mAh 5.169 mAh Connectivity NFC, at least one variant with dual SIM ??? Software Android 10 Android 10 Possible Marketing Name Motorola One 5G 2020 Motorola One 2020/Motorola Edge+"
"2388","2018-06-01","internetbasiert","Fertighaus Variant 275 | HANSE HAUS. Hanse Haus, 2018-06-01","https://www.hanse-haus.ch/de/architektur/haeuser/haus/variant-275/","Das Haus Variant 275 aus unserer Hausserie mit Satteldach ist perfekt für diese spannende Zeit gerüstet und bietet allen den nötigen Freiraum."
"2389","2018-05-23","internetbasiert","Start2. Segeln am Sorpesee, Jolle, Stegplatz, Regatta, Liegeplätze, Jugend, IDM 2017, 2018-05-23","http://www.ksc-hemer.com/archiv/saison-2021/","Tagessieger wurden Ernst Stiefe und Horst Jacobs auf einer Variant 65."
"2390","2020-01-01","internetbasiert","Matador MPS 400 Variant All Weather 2 215/65 R15 10 T. Autoreifenfinder, 2020-01-01","https://www.autoreifenfinder.ch/matador/mps-400-variant-all-weather-2/215-65-r15-10t-105324/","Matador MPS 400 Variant All Weather 2 215/65 R15 10 T"
"2391","2020-01-01","internetbasiert","Testberichte 1970. vw-411.de, 2020-01-01","http://vw-411.de/Testberichte-1970/","Vergleichstest Variant 1600 - Variant 411:"
"2392","2020-01-01","internetbasiert","Matador MPS 400 Variant All Weather 2 205/75 R16 11 R. Autoreifenfinder, 2020-01-01","https://www.autoreifenfinder.ch/matador/mps-400-variant-all-weather-2/205-75-r16-11r-130984/","Matador MPS 400 Variant All Weather 2 ( 205/75 R16C 110/108R 8PR)"
"2393","2020-09-04","internetbasiert","Stoffwechselstörung: Was ist das und wie gehe ich damit um? | digestio.de. digestio.de, 2020-09-04","https://www.digestio.de/de/essen-und-trinken/diaet/stoffwechselstoerung-was-ist-das","Andreas Peter et al.: PNPLA3 variant I148M is associated with altered hepatic lipid composition in humans (2014)"
"2394","2019-02-19","internetbasiert","Wie hat Euch die Schwarze Waffenkammer in Destiny 2 gefallen?. Mein-MMO.de, 2019-02-19","https://mein-mmo.de/destiny-2-schwarze-waffenkammer-umfrage/","paar neue strikes inkl nightfall variante wäre schon nice, und 2-4 neue pvp maps würden dem game mal gut tun."
"2395","2018-10-26","internetbasiert","Suche. tksoft-online.de, 2018-10-26","http://www.tksoft-online.de/index.php/ms-access/bsp-db-s/bsp-downloads-sonstiges/59-errechnen-einer-iban-mit-access","As Variant 'Anfangswert der Prüfziffer ist 0 Public Const cPP As Integer = 0 Public Function Fill_LKZ_Array() Dim i As Integer For i = 0 To 25 vArray(i, 0) = i + 10 vArray(i, 1) = Chr(i + 65) Next i End Function Public Function SearchArray(sSearch As String) As Integer Dim i As Integer For i = 0 To 25 If vArray(i, 1) = sSearch Then SearchArray = vArray(i, 0)"
"2396","2020-05-25","internetbasiert","Werde ein Kopf der Hydra. Werde ein Kopf der Hydra - Hydra Comics, 2020-05-25","https://hydra-comics.de/unterstuetzen/","Mit Unterstützerprodukten, wie Unikaten oder Variant Covern, helft ihr uns, die Hydra wachsen zu lassen."
"2397","2020-07-09","internetbasiert","Kollagen Forte. Lee-Sport® c/o LeeGroup GmbH, 2020-07-09","https://whey-protein.ch/kollagen-forte-pulver/","die variante mit orangen aroma ist angenehm zum trinken. bei der variante ohne aroma trinke ich das pulver mit zitronensaft, das geht gut."
"2398","2019-11-04","internetbasiert","ID.3: VW macht Werk Zwickau zur größten E-Auto-Fabrik Europas. Produktion Online, 2019-11-04","https://www.produktion.de/wirtschaft/id-3-vw-macht-werk-zwickau-zur-groessten-e-auto-fabrik-europas-112.html","Bis Mitte 2020 stellt VW in Sachsen auch noch den Golf Variant her, danach will der Konzern in Zwickau nur E-Autos bauen."
"2399","2019-01-01","internetbasiert","Original Aluminium Felge VW | Top-Preis: 1.104,90 €. Top-Preis: 1.104,90 €, 2019-01-01","https://www.basenio.de/guenstig-kaufen/original-aluminium-felge-vw-57193/_golf-7/","[...]2019/12 BA5 1.4 TSI MultiFuel 1395 ccm, 90 KW, 122 PS VW Golf VII Variant 2014/05-2019/12 BA5 1.6 1598 ccm, 81 KW, 110 PS VW Golf VII Variant 2013/05-2019/12 BA5 1.6 TDI 1598 ccm, 66 KW, 90 PS VW Golf VII Variant 2016/11-2019/12 BA5 1.6 TDI 1598 ccm, 85 KW, 115 PS VW Golf VII Variant 2013/05-2019/12 BA5 1.6 TDI 1598 ccm, 81 KW, 110 PS VW Golf VII Variant 2013/05-2019/12 BA5 1.6 TDI 1598 ccm, 77 KW, 105 PS VW Golf VII Variant 2013/05-2019/12 BA5 1.6 TDI 4motion 1598 ccm, 77 KW, 105 PS VW Golf VII Variant 2013/05-2019/12 BA5 1.6 TDI 4motion 1598 ccm, 81 KW, 110 PS VW Golf VII Variant 2015/05-2019/12 BA5 1.0 TSI 999 ccm, 85 KW, 115 PS VW Golf VII Variant 2016/11-2019/12 BA5 1.0 TSI 999 ccm, 81 KW, 110 PS VW Golf VII Variant 2015/01-2019/12 BA5 2.0 GTD 1968 ccm, 135 KW, 184 PS VW Golf VII Variant 2015/03-2019/12 BA5 2.0 R 4motion 1984 ccm, 206 [...]"
"2400","2018-05-25","internetbasiert","Mundwerkstatt - Die Frühstückerinnen. Die Frühstückerinnen, 2018-05-25","https://www.diefruehstueckerinnen.at/linz/mundwerkstatt/","Zum Nespresso Kaffee, im Moment haben wir noch keine variante gefunden die in unserem Konzept funktioniert."
"2401","2020-05-06","internetbasiert","Die Geschichte meiner Autos, bevor ich zur Elektromobilität gekommen bin. hundhome.de, 2020-05-06","https://hundhome.de/home/autohistorie","Kategorie Eigenschaft Typ Passat Variant 2l TDI Hersteller Volkswagen Baujahr 2001 Eigentum 2002 - 2003"
"2402","2018-02-21","internetbasiert","[aufgebraucht und aussortiert] jänner 2018. mademoiselles-beautyblog.blogspot.com, 2018-02-21","http://mademoiselles-beautyblog.blogspot.com/2018/02/aufgebraucht-und-aussortiert-janner-2018.html","kann immer wieder mitkommen, habe auch schon wieder eine der varianten in verwendung."
"2403","2018-11-27","internetbasiert","Kontron/S&T: Kontron baut IoT-Framework SUSIEtec aus. 0800hardware.de, 2018-11-27","http://0800hardware.de/kontron-st-kontron-baut-iot-framework-susietec-aus/","Small (45mm x 18mm), robust and powerful board; 3.3V variant of the Nano family."
"2404","2019-08-22","internetbasiert","Golf IV Variant 1.6 16V. Golf IV Variant 1.6 16V, 2019-08-22","https://autoverwertung-wildt.de/golf-iv-variant-1-6-16v/","Golf IV Variant 1.6 16V Aug22 Alle Ersatzteile, soweit verfügbar, werden auf Anfrage gern ausgebaut Typ: VW Golf IV Variant Motor : Benzin 1598 cm³ mit 77 KW ( 105 PS )Getriebe: 5 Gang SchaltgetriebeLeichtmetallfelgenelektrische Fensterheber vorn / hintenelektrische Verstellbare Außenspiegel in Wagenfarbe"
"2405","2018-05-28","internetbasiert","Cyberpunk 2077: Werbekampagne wird teurer als die für The Witcher 3. Mein-MMO.de, 2018-05-28","https://mein-mmo.de/cyberpunk-2077-werbekampagne-geld/","Jeder der in der Thematik steckt, wird wissen, dass wenn er aufs Geld schauen mag und nicht die super high end variante mit 3 fps mehr bauen will da zugreifen sollte."
"2406","2020-08-12","internetbasiert","Achsschenkel links vorne VW Golf VI Variant (AJ5) 1.6 TDI 77 kW 105 PS (07.2009-07.2013) | 112184. Kempers.de, 2020-08-12","https://www.kempers.de/achsschenkel-links-vorne-vw-golf-vi-variant-aj5-1k0407255p/112184","Achsschenkel links vorne VW Golf VI Variant (AJ5) 1.6 TDI 77 kW 105 PS (07.2009-07.2013) Inklusive 1 Jahr Kempers Gewährleistung Achsschenkel links vorne VW Golf VI Variant (AJ5) 1.6 TDI 77 kW 105 PS (07.2009-07.2013) Inklusive 1 Jahr Kempers Gewährleistung"
"2407","2020-07-12","internetbasiert","Bildergalerie. abenteuerdachzelt.de, 2020-07-12","https://abenteuerdachzelt.de/bildergalerie/","Airpass 160 auf Anhäger montiert Defender mit Airpass Airpass MX Long Inter Trade Nimis Variant XL Variant MX Long Variant L Variant MX Long Variant MX Long Variant MX Long Variant MX Long Variant MX Long Variant XL Variant XL Variant XL Variant XL , da würde auch noch ein viertes Kind reinpassen BMW 7er mit Varinat XL BMW 7er mit Varinat XL BMW 7er mit Varinat XL BMW 7er mit Varinat XL"
"2408","2020-01-01","internetbasiert","21-220. isover.ch, 2020-01-01","https://www.isover.ch/de/solutions/21-220","Description Unité 1 Unité 2 Variant 1 Variant 2 Variant 3 Variant 4 Variant 5 Variant 6 PB F 030 d [mm] – – – – 40 100 PB F 030 d [mm] 120 140 180 200 200 200 Wärmeschutz im Winter und Sommer * ** ** ** *** Wärmedurchgangskoeffizient:"
"2409","2020-01-01","internetbasiert","Matador MPS 400 Variant All Weather 2 205/75 R16 11 R. Autoreifenfinder, 2020-01-01","https://www.autoreifenfinder.ch/matador/mps-400-variant-all-weather-2/205-75-r16-11r-130984/","""Matador MPS 400 Variant All Weather 2 ( 205/75 R16C 110/108R 8PR )"""
"2410","2018-01-30","internetbasiert","Windows 7 Anmeldebildschirm anpassen. it-zeugs.de, 2018-01-30","https://www.it-zeugs.de/windows-7-anmeldebildschirm-anpassen.html","Hallo, ich habe ihr o.a. Variant ordnungsgemäß durchgeführt."
"2411","2020-06-12","internetbasiert","Proxychains und nordvpn – Nordvpn : Die Ergebnisse. Bester VPN-Vergleicher, 2020-06-12","http://minecraftopia.de/proxychains-und-nordvpn-nordvpn-die-ergebnisse/","Nordvpn ist ist bitdefender kompatibel mit nordvpn?, warum ist langsamer, daher die usa bevorzugten unterhaltungsanbietern und die ich zuerst auf alle einfach einen vpn-router von nutzern wachsender nutzeranzahl in fachzeitschriften, darunter auch gut mit sicherheit bedacht wurde aber nicht einmal überzeugen kann, muss über eingebettete anwendungen von nordvpn, und das abo variante bzw."
"2412","2020-06-24","internetbasiert","VW bringt Arteon als PHEV und Shooting Brake - electrive.net. electrive.net, 2020-06-24","https://www.electrive.net/2020/06/24/vw-bringt-arteon-als-phev-und-shooting-brake/","Damit liegt der Arteon erwartungsgemäß etwas unter dem Passat Variant, dennoch soll der Lifestyle-Kombi bis zu 2,1 Meter lange Gegenstände laden können."
"2413","2020-07-19","internetbasiert","Audi 80 B4 (Typ 8C) Autoradios Android-Radio DIN Radio - Autoradio Held. Autoradio Held, 2020-07-19","https://autoradioheld.de/audi-80-b4-typ-8c-autoradios-android-radio-din-radio/","* Navitec24 ANTENNENFUSS SOKEL für Radio STAB FM PKW DACHANTENNE RAKU2 kompatibel mit Skoda Superb Roomster Fabia Kombi Oktavia SEAT VW Passat B4 3BG Variant Audi A3 A4 A6 Golf 4 5 6 7 Caddy Touran"
"2414","2020-01-01","internetbasiert","about a chair dusty blue. blowout.de, 2020-01-01","https://www.blowout.de/about-a-chair-dusty-blue.html","Variante: about a chair dusty blue"
"2415","2020-01-01","internetbasiert","11-600. isover.ch, 2020-01-01","https://www.isover.ch/de/solutions/11-600","Description Unité 1 Unité 2 Variant 1 Variant 2 Variant 3 Variant 4 Variant 5 Variant 6 PB M 030 d [mm] 80 100 80 100 80 100 ISOCONFORT 032 d [mm] 120 120 140 140 160 160 Wärmeschutz im Winter und Sommer ** ** ** ** ** *** Wärmedurchgangskoeffizient:"
"2416","2020-01-01","internetbasiert","Pongratz Heckkipper PK 2500 151x260cm 2,5t|Elektro|BWA. Koch Anhängerwerke, 2020-01-01","https://www.kochanhaengerwerke.de/kipper/rueckwaertskipper/pongratz-heckkipper-pk-2500-151x260cm-2-5t-elektro-bwa","Variant Heckkipper Variant 168x320cm 2,7t | E-Pumpe | Rampen | Gitter | Aktion"
"2417","2019-05-07","internetbasiert","Kostenlose Autobewertung. Autoverkauf in Nürnberg, 2019-05-07","https://autoverkauf-nuernberg.de/autobewertung/","[...] Meriva Mokka Monterey Monza Movano Omega Pick Up Sportscap Rekord Senator Signum Sintra Speedster Tigra Vectra Vivaro Zafira Zafira Tourer Sonstiges Modell Modell 181 Amarok Anfibio Arteon Beetle Bora Buggy Bus Caddy CC Coccinelle Corrado Crafter Cross Touran Derby Eos Escarabajo Fox Golf (alle) Cross Golf Golf Golf Cabriolet Golf GTI Golf Plus Golf Sportsvan Golf Variant Iltis Jetta Karmann Ghia Käfer L80 LT Lupo Maggiolino New Bettle Passat (alle) Passat Passat Alltrack Passat CC Passat Variant Phaeton Pointer Polo (alle) Polo Polo Cross Polo GTI Polo Plus Polo R WRC Polo Sedan Polo Variant Routan Santana Scirocco Sharan T1 T2 T3 (alle) T3 T3 Blue Star T3 Californa T3 Caravelle T3 Kombi T3 Multivan T3 White Star T4 (alle) T4 T4 Allstar T4 California T4 Caravelle T4 Kombi T4 Multivan T5 (alle) T5 T5 California T5 Caravelle T5 Kombi T5 Multivan T5 Shuttle T6 (alle) T6 California T6 Caravelle T6 Multivan T6 Transporter Taro Tiguan Touareg Touran Transporter up! Vento XL1 Sonstige Modell Modell Hyundai Accent Hyundai Atos Hyundai Coupe Hyundai Elantra Hyundai Equus Hyundai Galloper Hyundai Genesis Hyundai Getz Hyundai Grand Santa Fe Hyundai Grandeur [...]"
"2418","2020-01-01","internetbasiert","Matador MPS 400 Variant All Weather 2 175/65 R14 90 T. Autoreifenfinder, 2020-01-01","https://www.autoreifenfinder.ch/matador/mps-400-variant-all-weather-2/175-65-r14-90t-157302/","Matador MPS 400 Variant All Weather 2 ( 175/65 R14C 90/88T 6PR)"
"2419","2020-08-03","internetbasiert","Kastensystem. SHG Rolladen-Systeme GmbH, 2020-08-03","https://www.shginfo.de/rollladen-sonnenschutz-insektenschutz-garagentore-produkt/kastensystem/","Variant 2.0"
"2420","2018-11-18","internetbasiert","kochen mit bier: coffee-chocolate-chili con schlenkerla (mit fleisch sowie vegetarisch der hammer :)). Hopfenmädchen, 2018-11-18","https://hopfenmaedchen.com/2018/11/18/kochen-mit-bier-coffee-chocolate-chili-con-schlenkerla-mit-fleisch-sowie-vegetarisch-der-hammer/","in ein gutes chili gehören für uns bier, kaffee und schokolade 🙂 während wir es meistens klassisch con carne zubereiten, haben wir neulich auch mal eine vegetarische variante ausprobiert. beide möchte ich euch in dem folgenden rezept vorstellen, weil meeega lecker!"
"2421","2019-11-18","internetbasiert","Fahrzeugbrand | Plettenberg. Südwestfalen Nachrichten, 2019-11-18","https://www.suedwestfalen-nachrichten.de/maerkischer-kreis/plettenberg/fahrzeugbrand/","Ein Mitarbeiter eines dort ansässigen Industriebetriebes hatte den Entstehungsbrand an seinem abgestellten VW Variant bemerkt und den Notruf zur Feuer- und Rettungsleitstelle des Märkischen Kreises abgesetzt."
"2422","2019-01-07","internetbasiert","Grand Hotel Saigon – Vietnam | Bel Air Strandhotel. Bel Air Strandhotel, 2019-01-07","https://bel-air-hotels.de/grand-hotel-saigon-vietnam/","[...] #ffffff !important;}“][ultimate_heading main_heading=“RÜGEN IM 5 STERNE HOTEL“ main_heading_color=“#00305d“ sub_heading_color=“#00305d“ main_heading_font_family=“font_family:Cormorant|font_call:Cormorant|variant:600″ main_heading_style=“font-weight:600;“ sub_heading_font_family=“font_family:Cormorant|font_call:Cormorant|variant:600italic“ sub_heading_style=“font-style:italic;font-weight:600;“ main_heading_font_size=“desktop:20px;“][/ultimate_heading][vc_separator color=“black“ border_width=“2″ el_width=“20″ css=“.vc_custom_1544100037111{padding-top: 15px !important;}“][vc_column_text css=“.vc_custom_1546856888112{padding-right: 15px !important;padding-left: 15px !important;}“] [...]"
"2423","2020-08-02","internetbasiert","Pinke LEDs Ersatzteilversand. forum.electronicwerkstatt.de, 2020-08-02","https://forum.electronicwerkstatt.de/phpBB/LED_und_Leuchtdioden/pinke_leds-t30758f47_bs0.html","die weißen z.b. sind ja auch je nach variante blaue mit phosphor violette mit phosfor oder ultraviolette mit phosphor, und DIE halten."
"2424","2018-06-12","internetbasiert","Detail. medlabor.de, 2018-06-12","https://www.medlabor.de/aktuelles/detail/getarticle/News/detail/neue-sars-cov-2-variante-omicron/","Am 26. November 2021 hat die WHO die neue Variante als Variant of Concern (VOC) eingestuft und mit dem griechischen Buchstaben Omicron benannt."
"2425","2018-04-10","internetbasiert","Neun Städte in fünf Ländern: »IoT on Wheels«-Roadshow 2018 von Tech Data. 0800hardware.de, 2018-04-10","http://0800hardware.de/neun-staedte-in-fuenf-laendern-iot-on-wheels-roadshow-2018-von-tech-data/","Small (45mm x 18mm), robust and powerful board; 3.3V variant of the Nano family."
"2426","2020-07-06","internetbasiert","ᐅ Kaffee kochen - Hand vs. Maschine. Kaffeerezepte & Empfehlungen, 2020-07-06","https://www.cafe365.de/richtig-kaffee-kochen/","Zumal es gar nicht so wenige sind, wenn man die verschiedenen varianten noch hinzu nimmt."
"2427","2018-07-06","internetbasiert","200.000 Volkswagen R Modelle. golf-story.de, 2018-07-06","http://www.golf-story.de/vw-golf-news/200-000-volkswagen-r-modelle.htm","Aktuell sind der Golf R und der Golf R Variant verfügbar."
"2428","2019-02-01","internetbasiert","VW plant Elektroauto-Einsteigermodell ""für unter 20.000 Euro"". ecomento.de, 2019-02-01","https://ecomento.de/2019/02/01/vw-plant-elektroauto-fuer-unter-20-000-euro/","Der VW-intern MEB-entry genannte = BEV variante des T-cross (verbrenner derzeit ab 18.000 €) soll die preisorientieren kunden erreichen."
"2429","2020-02-28","internetbasiert","Autos - Christa Gather. Christa Gather, 2020-02-28","https://christa-gather.de/autos/","Variant"
"2430","2018-11-22","internetbasiert","Autoprofessor Dudenhöffer: Steuermilliarden für Batteriezellfertigung ""ein Irrweg"". ecomento.de, 2018-11-22","https://ecomento.de/2018/11/22/dudenhoeffer-steuermilliarden-fuer-batteriezellfertigung-ein-irrweg/","Aber nachdem diese variante für ca. 42.000€ noch länger nicht lieferbar ist bin ich abgesprungen."
"2431","2020-02-28","internetbasiert","meine-wiking-welt - Golf IV Variant. meine-wiking-welt.eu, 2020-02-28","https://www.meine-wiking-welt.eu/pkw/volkswagen/golf-iv-variant/","VW Golf V Variant 0058 38 2008 - nordseegrün metallic lackiert, IE elfenbein mit separatem Lenkrad schwarzgrau, Glasschiebedach rauchgrautransparent, Innenspiegel Teil der Verglasung, Scheibenwischer Teil der Karosserie schwarz, 2 Außenspiegel in Wagenfarbe, Frontscheinwerfer klartransparent + Rückleuchten rottransparent eingesetzt, Dachreling schwarz, Nebelscheinwerfer + seitliche Zierleisten + Grill mit schwarzem Hintergrund gesilbert, Heckscheibenwischer Teil der Verglasung schwarz, seitliche Fenstergummis schwarz, heckseitig VW-Emblem + ""Golf"" + ""TDI"" gesilbert, Räder zweiteilig Alufelgen mit aufgezogenen Reifen, Bodenplatte schwarz, Bodenprägung modernes Wiking-Logo."
"2432","2019-03-21","internetbasiert","Autoankauf Total Sitemap. Autoankauf Total 2023 - Stressfrei & Sicher Auto verkaufen, 2019-03-21","https://www.autoankauf-total.ch/autoankauf-total-sitemap/","VW Passat Variant 2.0"
"2433","2020-02-06","internetbasiert","TAT0204 - sofort umsetzbare Praxistipps für deine Content Erstellung | TheAngryTeddy.com - Social Media & Online Marketing. TheAngryTeddy.com - Social Media & Online Marketing, 2020-02-06","https://theangryteddy.com/tat0204-sofort-umsetzbare-praxistipps-fuer-deine-content-erstellung/","Recruitment equipment und natürlich auch gutes fotomaterial dazu gab es in der vergangenheit beispielsweise die podcast sendung mit dem wolfgang lena der über die produktion von foto content auch mit dem smartphone gesprochen hat auch das findest du in den shownotes und die andere variante ist natürlich auf stock-material zuzugreifen in verschiedenen."
"2434","2019-11-16","internetbasiert","VEKA FENSTER KASSEL. FensterKassel.de, 2019-11-16","https://fensterkassel.de/veka/","Oberfl ächenveredelung mit über 50 Farb- und Dekor varianten sowie Alu-Vorsatzblenden möglich"
"2435","2018-08-21","internetbasiert","Holländer fährt mit dem Elektroauto über 70.000 Kilometer von Amsterdam nach Perth. Grüne Autos, 2018-08-21","http://www.grueneautos.com/2018/08/hollaender-faehrt-mit-dem-elektroauto-70000-kilometer-von-amsterdam-nach-perth/","Angetrieben wird der umgebaute Golf Variant von einem 150 kW Elektromotor und in einer 37 kWh Lithium-Ionenen-Batterie kann Strom für rund 200 Kilometer Reichweite gespeichert werden."
"2436","2019-12-19","internetbasiert","Liebes von priebes NORA das kleine Nackenhörnchen | Kinderhaus Blaubär. kinderhaus-blaubaer.de, 2019-12-19","https://www.kinderhaus-blaubaer.de/liebes-von-priebes-nora-das-kleine-nackenhoernchen_34735_55881","[...] { _tsRatingConfig = { tsid : 'X0C74C395F78C2D0663798C126CCFC286', element : '#ts_review_sticker', variant : 'testimonial', reviews : '5', betterThan : '3.0', richSnippets : 'on', backgroundColor : '#FFDC0F', linkColor : '#000000', quotationMarkColor : '#FFFFFF', fontFamily : 'Arial', reviewMinLength : '10' }; var scripts = document.getElementsByTagName('SCRIPT'), me = scripts[scripts.length - 1]; var _ts = document.createElement('SCRIPT'); _ts.type = 'text/javascript'; _ts.async = true; _ts.src = '//widgets.trustedshops.com/reviews/tsSticker/tsSticker.js'; me.parentNode.insertBefore(_ts, me); _tsRatingConfig.script = _ts; })(); [...]"
"2437","2018-10-05","internetbasiert","IoT Monetization Market Trend, Segmentation and Growth Factors till 2022. 0800hardware.de, 2018-10-05","http://0800hardware.de/iot-monetization-market-trend-segmentation-and-growth-factors-till-2022/","The ease of use of a Nano board with the addition of secure IoT and BT connectivity Small (45mm x 18mm), robust and powerful board; 3.3V variant of the Nano family."
"2438","2019-09-12","internetbasiert","FS240 Es gibt noch alte Leute. Freak Show, 2019-09-12","https://freakshow.fm/fs240-es-gibt-noch-alte-leute","Also sagen wir mal frucht lassi ist jetzt auch nur eine anspielung tatsache ist kann man gut weg trinken und gibt natürlich dann auch die interessante variante dass du das hatte auch müsli reinhauen kannst das heißt das orangensaft im müsli."
"2439","2020-07-27","internetbasiert","Plattenaufnahmen von alten Vinylschätzen in den Rechner!! Ersatzteilversand. forum.electronicwerkstatt.de, 2020-07-27","https://forum.electronicwerkstatt.de/phpBB/Elektrische_Probleme/plattenaufnahmen_von_alten_vinylschaetzen_in_den_rechner-t27242f6_bs0.html","wir haben die 5. variante (unten rechts. und das ding wird wirklich reingeschoben und mit der schraube arretiert. es hat nur 2 kabel, weil das ding ist 40 Jahre alt und mono."
"2440","2019-05-22","internetbasiert","IoT-Dienstleister ROBIOTIC GmbH spendet 1.380 € an Schülerhilfsprojekt Nepal AG. IoT-Dienstleister ROBIOTIC GmbH spendet 1.380 € an Schülerhilfsprojekt Nepal AG, 2019-05-22","http://0800hardware.de/iot-dienstleister-robiotic-gmbh-spendet-1-380-e-an-schuelerhilfsprojekt-nepal-ag/","The ease of use of a Nano board with the addition of secure IoT and BT connectivity Small (45mm x 18mm), robust and powerful board; 3.3V variant of the Nano family."
"2441","2019-01-26","internetbasiert","Gefahr für den Golf - Main-Spitze. Main-Spitze, 2019-01-26","https://www.main-spitze.de/ratgeber/auto-und-motorrad/autotests/hyundai/gefahr-fur-den-golf_19922481","Es ist noch gar nicht so lange her, da kaufte man sich den i30 Kombi von Hyundai, um im Vergleich zu heimischen Erzeugnissen wie dem VW Golf Variant ein paar Tausender zu sparen."
"2442","2020-01-28","internetbasiert","vom urheberrecht – und was das mit mir zu tun hat. | eine stellung.nahme. sinn.wort.spiel., 2020-01-28","https://sinnwortspiel.wordpress.com/2020/01/28/vom-urheberrecht-und-was-das-mit-mir-zu-tun-hat/","die beste variante, so eine sache aus der welt zu schaffen."
"2443","2019-11-05","internetbasiert","VW Golf 8: Test, Verbrauch, Bilder, Daten, Motoren. ADAC, 2019-11-05","https://www.adac.de/rund-ums-fahrzeug/autokatalog/marken-modelle/vw/vw-golf/","Die Kombiversion Variant wurde bereits als geräumiger Ableger für Familien und Vertreter vorgestellt."
"2444","2020-08-03","internetbasiert","Variant 3521 TB | 414x210cm - 3,5t | Dreiseitenkipper-Anhänger mit Blattfederung. PKW-Anhänger kaufen bei P+P Anhängercenter | Wohnmobil Vermietung & Anhängervermietung, 2020-08-03","http://www.ppanhaengercenter.com/store/p732/Variant-3521TB-Dreiseitenkipper-Blattfederung-Anhaenger.html","Variant"
"2445","2020-01-01","internetbasiert","Abgaskrümmerdichtung VW Golf I II III IV LT Lupo Iltis Caddy Polo. Bus-Scheune.de, Ersatzteile fuer VW Bus T3 VW Bus T4 guenstig kaufen., 2020-01-01","https://www.bus-scheune.de/weitere-VW-Classic-Modelle/Golf-II/Dichtungen-Dichtsaetze/Abgaskruemmerdichtung-VW-Golf-I-II-III-IV-LT-Lupo-Iltis-Caddy-Polo::49408.html","[...] 1.6 1.9 D TDI SDI 11/95-01/04 VW CORRADO (53I) 1.8 2.0 i G60 09/88-12/95 VW GOLF I (17) 1.5 1.6 1.8 D TD GTI 04/74-02/84 VW GOLF I Cabriolet (155) 1.5 1.6 1.8 01/79-04/93 VW GOLF II (19E, 1G1) 1.6 1.8 i D TD GTI G60 08/83-07/92 VW GOLF III (1H1) 1.8 1.9 2.0 D TD TDI SDI 11/91-08/97 VW GOLF III Cabriolet (1E7) 1.8 1.9 2.0 TDI 07/93-05/98 VW GOLF III Variant (1H5) 1.8 1.9 2.0 D TD TDI SDI 07/93-04/99 VW GOLF IV / Variant (1J1/5) 1.9 TDI SDI 08/97-06/06 VW GOLF IV Cabriolet (1E7) 1.9 TDI 06/98-06/02 VW ILTIS (183) 1.7 1.7 TD 03/79-12/88 VW JETTA I (16) 1.5 1.6 1.8 D TD GLI 08/78-02/84 VW JETTA II (19E, 1G2) 1.6 1.8 D TD 01/84-07/92 VW LT 28-35 I (281-363) 2.4 i D TD 12/78-06/96 VW LT 28-35 II (2DM/2DX0AE) 2.5 TDI SDI 06/96-07/06 VW LT 40-55 I (291-512) 2.4 i D TD 08/78-06/96 VW [...]"
"2446","2018-06-01","internetbasiert","Fertighaus Variant 35-184 | HANSE HAUS. Hanse Haus, 2018-06-01","https://www.hanse-haus.ch/de/architektur/haeuser/haus/variant-35-184/","Grosszügiges Wohnen mit viel Raum für Ihre Ideen im Variant 35-184"
"2447","2019-11-28","internetbasiert","Volkswagen Golf Variant MFH Mehrmarken Fahrzeughandel - Neuwagenvermittlung-24. Osna-Autos, 2019-11-28","https://www.mfh-autos.de/liste-volkswagen-golf-variant-a__46671_alle.php","Volkswagen Golf Variant 8 Style 1,5 eTSI DSG 110KW ACC Winter 2023 Bestellung ab Werk"
"2448","2020-01-01","internetbasiert","Baumspende / Eberesche - Klimanko. Klimanko 2020. All Rights Reserved., 2020-01-01","https://www.klimanko.de/klimashop/baumspende-eberesche/","[...]12] => wpsg_mod_wirecard,[13] => wpsg_mod_si,[14] => wpsg_mod_test,[15] => wpsg_mod_produktartikel,[16] => wpsg_mod_creditcard,[17] => wpsg_mod_targo,[20] => wpsg_mod_autodebit,[30] => wpsg_mod_productindex,[70] => wpsg_mod_auftragsbestaetigung,[85] => wpsg_mod_produktattribute,[90] => wpsg_mod_stock,[95] => wpsg_mod_weight,[96] => wpsg_mod_userpayment,[97] => wpsg_mod_scaleprice,[98] => wpsg_mod_varianten,[101] => wpsg_mod_downloadplus,[105] => wpsg_mod_basketteaser,[120] => wpsg_mod_produktbilder,[125] => wpsg_mod_protectedshops,[130] => wpsg_mod_willcollect,[135] => wpsg_mod_shippingadress,[160] => wpsg_mod_gutschein,[161] => wpsg_mod_voucherproduct,[300] => wpsg_mod_export,[440] => wpsg_mod_statistics,[450] => wpsg_mod_piwik,[500] => wpsg_mod_freeshipping,[599] => wpsg_mod_newsletter,[600] => wpsg_mod_nlsatolo,[601] [...]"
"2449","2020-11-22","internetbasiert","Justice League. buecher-newswelt.blogspot.com, 2020-11-22","https://buecher-newswelt.blogspot.com/2020/11/justice-league.html","Die Story war wirklich super, es ging heiss her und auch die Variant Cover dazwischen fand ich sehr gelungen."
"2450","2019-05-24","internetbasiert","Passat Variant | Volkswagen Modelle | Voets Autozentrum. Voets Autozentrum Magdeburg, 2019-05-24","https://www.voets-magdeburg.de/unsere-modelle/volkswagen-passat-variant/","Für diese Kombination steht der Passat Variant."
"2451","2020-02-14","internetbasiert","Erfahrungsberichte » verschiedene Fahrzeuge. NRW Stylers, 2020-02-14","http://nrwstylers.siteboard.eu/t6138f2094-verschiedene-Fahrzeuge.html","Ich brauche mal´n bischen Hilfe, und zwar suche ich Erfahrungsberichte von einigen Fahrzeugen, insbesondere haltbarkeit der Motoren, welcher Motor ist der beste, Rostprobleme oder Elektrik Probleme: 01. Passat Variant 35i ab BJ 9602."
"2452","2020-11-02","internetbasiert","Keine Massenimpfungen gegen SARS-CoV-2, keine Corona-Impfzentren und -Kühlketten, kein Geld für COVAX. Schariagegner, 2020-11-02","https://schariagegner.wordpress.com/2020/11/02/keine-massenimpfungen-gegen-sars-cov-2-keine-corona-impfzentren-und-kuehlketten-kein-geld-fuer-covax/","In testis, only an 8.0 kb splice variant was expressed (Mi et al., 2000). (…)"
"2453","2018-10-26","internetbasiert","Suche. tksoft-online.de, 2018-10-26","http://www.tksoft-online.de/index.php/ms-access/bsp-db-s/bsp-downloads-datum-und-zeit/29-berechnung-von-kalenderwochen-din-1355","Function Kalenderwoche(XDatum As Variant, fModus As Boolean) As String Dim x, y, z Kalenderwoche = """""
"2454","2020-01-01","internetbasiert","Pongratz Dreiseitenkipper PDK *Stahlbordwände* 176x310cm 3,5t|E-Pumpe|BWA. Koch Anhängerwerke, 2020-01-01","https://www.kochanhaengerwerke.de/kipper/3-seitenkipper/pongratz-dreiseitenkipper-pdk-stahlbordwaende-176x310cm-3-5t-e-pumpe-bwa","Variant Heckkipper Variant 168x320cm 2,7t | E-Pumpe | Rampen | Gitter | Aktion"
"2455","2020-01-01","internetbasiert","Der Ölkreislauf. vw-411.de, 2020-01-01","http://vw-411.de/Die-Technik/Der-Typ-4-Motor-M/Der-Oelkreislauf/","VW-Ersatzteil-Nr. 021 115 605 (nicht mehr lieferbar), verwendet für VW 411/412 Variant."
"2456","2020-09-23","internetbasiert","DER WELTKRIEG mit todbringenden manipulierten Viren geht in die zweite Phase. Conservo, 2020-09-23","https://conservo.wordpress.com/2020/09/23/der-weltkrieg-mit-todbringenden-manipulierten-viren-geht-in-die-zweite-phase/","Dynamic tracking of variant frequencies revealed a recurrent pattern of G614 increase at multiple geographic levels: national, regional, and municipal."
"2457","2020-05-18","internetbasiert","Nordvpn-Register – Nordvpn : Warnung. Bester VPN-Vergleicher, 2020-05-18","http://minecraftopia.de/nordvpn-register-nordvpn-warnung/","Rt-1300 uhp was verschiedene varianten ein vpn-protokoll wireguard beim vpn nutzen können."
"2458","2020-06-24","internetbasiert","GEVATTER DOKUMENTATION - Glücklicher Montag. Glücklicher Montag, 2020-06-24","https://gluecklicher-montag.de/gevatter-dokumentation/","Hier ist es: das Schwarwel-Cover der Regular Edition von „Gevatter“ #2, die ihr ab sofort neben der Variant Edition (mit einem Cover von Ingo Römling) bei uns im Onlineshop bestellen könnt: www.gluecklicher-montag-shop.de"
"2459","2020-05-16","internetbasiert","hifi-projekt – #07 display. be-sign.net, 2020-05-16","https://www.be-sign.net/hifi-projekt-display/","für die farbe des contents empfiehlt es sich, kein triviales schwarz zu verwenden; der kontrast wäre viel zu hart. statt dessen passt eine sehr dunkle variante der display-farbe viel besser und ergibt ein stimmiges gesamtbild."
"2460","2019-08-02","internetbasiert","Italiener-Radweg: Stadt Lienz favorisiert „Variante 1“. Dolomitenstadt, 2019-08-02","https://www.dolomitenstadt.at/2019/08/02/italiener-radweg-stadt-lienz-favorisiert-variante-1/","bzgl. der abstimmung: variante 5 wird von der breiten masse befürwortet weil die italiener, diese rücksichtlosen raudis, komplett von der strasse ferngehalten werden. mich beschleicht sogar das gefühl, dass eine variante 6: „schliessen wir den radweg für italos“, am meisten zustimmung hätte."
"2461","2020-11-10","internetbasiert","HYDRA COMICS #1 – limitiertes Variant Cover von Wolf PMS. HYDRA COMICS #1 – limitiertes Variant Cover von Wolf PMS - Hydra Comics, 2020-11-10","https://hydra-comics.de/produkt/hydra-comics-1-limitiertes-variant-cover-von-wolf-pms/","Mehr zum Variant Cover vom Künstler Wolf PMS:"
"2462","2018-01-24","internetbasiert","Systemhaus Carus setzt auf IoT. 0800hardware.de, 2018-01-24","http://0800hardware.de/systemhaus-carus-setzt-auf-iot/","The ease of use of a Nano board with the addition of secure IoT and BT connectivity Small (45mm x 18mm), robust and powerful board; 3.3V variant of the Nano family."
"2463","2019-09-15","internetbasiert","Blog_Karwendel. peakture.de, 2019-09-15","https://peakture.de/blog%20peakture/karwendelhoehenweg.html","(variante)"
"2464","2019-06-29","internetbasiert","Der neue Passat: vernetzt, elektrisch, automatisiert. AutoMotorTest.de, 2019-06-29","https://automotortest.de/index.php/2019/06/29/der-neue-passat-vernetzt-elektrisch-automatisiert/","Die Hybridversion wird als Limousine und als Variant angeboten, die Preise liegen bei knapp 50000 Euro."
"2465","2020-01-01","internetbasiert","25-215. isover.ch, 2020-01-01","https://www.isover.ch/de/solutions/25-215","Description Unité 1 Unité 2 Variant 1 Variant 2 Variant 3 Variant 4 Variant 5 Variant 6 Holzständer 60 x 80 mm h [mm] 80 – Holzständer 60 x 160 mm h [mm] – 160 ISOFIX 035 d [mm] 80 – ISOFIX 035 d [mm] 60 60 ISORESIST 1000 035 d [mm] – 160 Wärmeschutz im Winter und Sommer Wärmedurchgangskoeffizient:"
"2466","2020-01-01","internetbasiert","Der Volkswagen Golf Variant: Der Allrounder. heisel.de, 2020-01-01","https://www.heisel.de/der-volkswagen-golf-variant-der-allrounder/","Der Golf Variant."
"2467","2020-03-17","internetbasiert","Schwarwel Gevatter #2 „Kapitel Zwei: Zorn“ (Variant, Digital-PDF) - Glücklicher Montag Shop. Glücklicher Montag Shop, 2020-03-17","https://gluecklicher-montag-shop.de/produkt/schwarwel-gevatter-2-kapitel-zwei-zorn-variant-digital/","Schwarwel Gevatter #2 „Kapitel Zwei: Zorn“ (Variant Edition) Cover: Ingo Römling Story, Artwork & Zeichnungen:"
"2468","2020-09-01","internetbasiert","TG I51. beyerdynamic GmbH & Co. KG, 2020-09-01","https://www.beyerdynamic.de/tg-i51.html","Solved variant"
"2469","2020-01-01","internetbasiert","Matador MPS 400 Variant All Weather 2 215/65 R16 109 T. Autoreifenfinder, 2020-01-01","https://www.autoreifenfinder.ch/matador/mps-400-variant-all-weather-2/215-65-r16-109t-132148/","Matador MPS 400 Variant All Weather 2 ( 215/65 R16C 109/107T 8PR Doppelkenn"
"2470","2020-03-15","internetbasiert","Kundengespräche & Teamarbeit - ganz einfach im Online Meeting. vip systemtechnik GmbH & CO. KG, 2020-03-15","https://www.vip-systemtechnik.de/soundbar-videokonferenz-loesung/","*UC-SB1-CAM Variante"
"2471","2018-10-03","internetbasiert","Xtrons Android Autoradio jetzt mit Version 8.1 verfügbar. Android Autoradio im Test, 2018-10-03","https://www.android-autoradio-im-test.de/index.php/2018/10/03/das-neue-xtrons-autoradio-mit-android-8-0-und-octa-core-prozessor/","ich fahre einen VW Passat B7 Variant Baujahr 2012 Typ 3c mit PDC"
"2472","2020-09-23","internetbasiert","DER WELTKRIEG mit todbringenden manipulierten Viren geht in die zweite Phase. Conservo, 2020-09-23","https://conservo.wordpress.com/2020/09/23/der-weltkrieg-mit-todbringenden-manipulierten-viren-geht-in-die-zweite-phase/","The consistency of this pattern was highly statistically significant, suggesting that the G614 variant may have a fitness advantage."
"2473","2019-02-28","internetbasiert","Sondermodell zum Marktstart. Autonotizen, 2019-02-28","https://autonotizen.de/neuigkeiten/vw-passat-r-line-edition-sondermodell-2019","Unter 57.000 Euro dürfe der graue Variant aber nicht zu haben sein."
"2474","2019-04-23","internetbasiert","Samsung Galaxy Note 10 - neue Speichertechnik verspricht bessere Performance. Testberichte, News, Tablets & Smartphones, 2019-04-23","https://www.appdated.de/2019/04/sasmung-galaxy-note-10-ram-interner-speicher-und-kameratechnik-sollen-deutlich-aufgewertet-werden/","There’s a good possibility that a 4G LTE variant will be offered as well since 5G networks won’t be commonplace even by the end of this year."
"2475","2020-01-01","internetbasiert","VW Vorteilspakete für Modelle älter als 4 Jahre. Volkswagen Österreich, 2020-01-01","https://www.volkswagen.at/service-zubehoer/volkswagen-service/angebote-und-aktionen/vorteilspakete","[...] 12-16 215,- 161,- Polo 03-09 223,- 155,- Polo 10-16 215,- 162,- Golf V 04-09 245,- 196,- Golf VI 09-13 244,- 177,- Golf VII 12-16 284,- 226,- Golf Variant Frontantrieb 10-14 235,- 177,- Golf Variant 4Motion 10-14 266,- 207,- Golf Plus 10-16 257,- 207,- Touran 03-10 245,- 196,- Touran 11-16 257,- 207,- Scirocco 1,4 L Benzin 08-16 257,- 207,- Eos 1,4 L Benzin 08-16 257,- 207,- New Beetle 12-16 257,- 207,- Tiguan 07-16 303,- 224,- Passat 06-09 263,- 204,- Passat 10-14 276,- 216,- Passat 15-16 289,- 204,- Sharan Frontantrieb 03-09 268,- 217,- Sharan 4Motion 03-09 301,- 242,- Sharan 10-16 320,- 259,- Touareg 03-10 598,- 455,- Touareg 11-16 673,- 519,- [...]"
"2476","2020-01-31","internetbasiert","Ich spreche Deutsch: Komma nach Gefühl? - Kompakt Media | wirsindmd | Kompakt Zeitung | WSM - Wir sind Magdeburg. Kompakt Media | wirsindmd | Kompakt Zeitung | WSM - Wir sind Magdeburg, 2020-01-31","https://www.kompakt.media/ich-spreche-deutsch-komma-nach-gefuehl/","Variante 2: „Казнить нельзя, помиловать!“."
"2477","2020-01-01","internetbasiert","12-500. isover.ch, 2020-01-01","https://www.isover.ch/de/solutions/12-500","Description Unité 1 Unité 2 Variant 1 Variant 2 Variant 3 Variant 4 Variant 5 Variant 6 PB M 030 d [mm] 80 100 120 140 160 200 PB M 030 d [mm] 80 100 120 120 160 200 Wärmeschutz im Winter und Sommer ** ** *** *** *** **** Wärmedurchgangskoeffizient:"
"2478","2018-01-18","internetbasiert","Intel kämpft mit schwerer Sicherheitslücke (Update: Intel veröffentlicht Server-Benchmarks) - Hardwareluxx. Hardwareluxx Media GmbH, 2018-01-18","https://www.hardwareluxx.de/index.php/news/hardware/prozessoren/45319-intel-kaempft-mit-schwerer-sicherheitsluecke-im-prozessor-design.html","Spectre Variante 1 Spectre Variante 2 Meltdown Intel Ja Ja alle CPUs ab 1995 (Pentium Pro)"
"2479","2020-07-22","internetbasiert","Videorecorder Sharp VC-MH761 Ersatzteilversand. forum.electronicwerkstatt.de, 2020-07-22","https://forum.electronicwerkstatt.de/phpBB/Ersatzteile_Reparatur_Videorecorder/videorecorder_sharp_vc_mh761-t15125f21_bs0.html","da gibt es verschieden wege das zu justieren, einige muss der poti fuer umschaltung neu justiert werden, manche kannste nur ueber nen service menu einstellen und es gibt die automatische variante . _________________ Alle Tipps und Hinweise beziehen sich auf eigene Erfahrung und uebernahme aus andere Quellen."
"2480","2018-08-23","internetbasiert","Stahlguss Rund. herfeldt-strahlmittel.de, 2018-08-23","https://www.herfeldt-strahlmittel.de/strahlmittel/StahlgussRund","[...] SAE J444 Variante HC Variante LC S 070 0,2 - 0,4 0,2 - 0,4 S 110 0,3 - 0,6 0,3 - 0,5 S 170 0,4 - 0,7 0,4 - 0,7 S 230 0,6 - 0,9 0,6 - 0,9 S 280 0,7 - 1,0 0,7 - 1,0 S 330 0,9 - 1,2 0,9 - 1,2 S 390 1,0 - 1,4 1,0 - 1,4 S 460 1,2 - 1,7 1,2 - 1,7 S 550 1,4 - 2,0 1,4 - 1,7 S 660 1,7 - 2,4 1,7 - 2,2 S 780 2,0 - 2,4 2,0 - 2,4 S 930 2,0 - 2,8 2,0 - 2,8 [...]"
"2481","2020-12-12","internetbasiert","Giengen an der Brenz. Autohaus Sing, 2020-12-12","https://autohaus-sing.de/giengen","Volkswagen Passat Variant 1.5 TSI Business AHK Navi LED"
"2482","2020-02-17","internetbasiert","Vor PS5-Launch: Absatz von PS4 und Xbox One sinkt schneller als erwartet. play3.de – PS5 & PS4 News – Tests, Vorschauen, Videos, 2020-02-17","https://www.play3.de/2020/02/17/vor-ps5-launch-absatz-von-ps4-und-xbox-one-sinkt-schneller-als-erwartet/","is kein wunder. die konsolen in der pro variante sind immernoch relativ teuer und seit vor letztes jahr ist das spiele repertoire nicht gerade anlockend. die meisten games wurde ja alle verschoben"
"2483","2020-01-01","internetbasiert","1998 - Hagen. vw-411.de, 2020-01-01","http://vw-411.de/Club-Treffen-VW-411/412-ab-1987/1998-Hagen/","Damals stand auf einem Autotransportanhänger ein marinablauer VW 411 LE Variant."
"2484","2020-10-05","internetbasiert","Bodenarbeitsseil Dünn - Prices from 51.60 to 58.75. Bataliru, 2020-10-05","https://bataliru.de/products/bodenarbeitsseil-dunn-prices-from-51-60-to-58-75","[...] Variant for price 53.05 Variant for price 53.15 Variant for price 53.25 Variant for price 53.5 Variant for price 53.6 Variant for price 53.7 Variant for price 54.1 Variant for price 54.2 Variant for price 54.55 Variant for price 54.65 Variant for price 54.75 Variant for price 55.15 Variant for price 55.25 Variant for price 55.6 Variant for price 55.7 Variant for price 56.2 Variant for price 56.65 Variant for price 56.75 Variant for price 57.25 Variant for price 57.7 Variant for price 58.75 Variant for price 51.6 Variant for price 52 Variant for price 52.1 Variant for price 52.2 Variant for price 52.45 Variant for price 52.55 Variant for price 52.65 Variant for price 53.05 Variant for price 53.15 Variant for price 53.25 Variant for price 53.5 Variant for price 53.6 Variant for price 53.7 Variant for price 54.1 Variant for price 54.2 Variant for price 54.55 Variant for price 54.65 Variant for price 54.75 Variant for price 55.15 Variant for price 55.25 Variant for price 55.6 Variant for price 55.7 Variant for price 56.2 Variant for price 56.65 Variant for price 56.75 Variant for price 57.25 Variant for price 57.7 Variant for price 58.75 In den Einkaufswagen legen Teilen [...]"
"2485","2020-03-31","internetbasiert","VW Firmenwagen: Lösungen für Ihren Fuhrpark. Volkswagen Österreich, 2020-03-31","https://www.volkswagen.at/angebote/vw-unternehmer","Der Golf Variant"
"2486","2020-05-01","internetbasiert","Diesel-Abgasskandal: BGH-Joker bietet im VW-Vergleich neue Option für Verbraucher / Kanzlei Dr. Stoll & Sauer rät zur Beratung | Dr. Stoll & Sauer - VW Schadensersatz. Diesel-Abgasskandal: BGH-Joker bietet im VW-Vergleich neue Option für Verbraucher / K...","https://www.vw-schaden.de/aktuelles/diesel-abgasskandal-bgh-joker-bietet-im-vw-vergleich-neue-option-fuer-verbraucher-kanzlei","Landgericht Stuttgart: Ein VW-Autohaus und VW müssen einem Verbraucher 25 Prozent des Kaufpreises für einen VW Passat Variant 2,0 TDI Blue Motion (Az. 18 O 416/17)."
"2487","2019-07-16","internetbasiert","Tesla Model 3 wird günstiger, Model S und Model X künftig teurer. ecomento.de, 2019-07-16","https://ecomento.de/2019/07/16/tesla-model-3-guenstiger-model-s-und-model-x-neue-einstiegsvarianten/","nun, der limitierende faktor sind lt. tesla die akkuproduktion NICHT die angebliche „schwächelnde“ nachfrage – ausserdem wurde nur die performance variante preislich angepasst, davon wurden nicht all zu viele geordert"
"2488","2019-06-05","internetbasiert","Klinische FragestellungTyrosinämie Typ I-III, Differentialdiagnose. Amedes Genetics, 2019-06-05","https://www.amedes-genetics.de/krankheiten/krankheit/detail/tyrosinaemie-typ-i-iii-differentialdiagnose.html","Porphyria, acute intermittent, nonerythroid variant (HMBS)"
"2489","2019-06-02","internetbasiert","gewohnheiten, gehirn und geduld: wie daraus impulskontrolle wird -. denktier.at, 2019-06-02","https://www.denktier.at/gewohnheiten-gehirn-und-geduld-wie-daraus-impulskontrolle-wird","leider sind aber nicht alle gewohnheiten automatisch das vernünftigste verhalten (davon können wir menschen ja ein lied singen!). gewohnheiten sind nur eine mögliche form, mit etwas umzugehen. meist einfach die erste variante, die man ausprobiert und für wirksam befunden hat."
"2490","2020-01-01","internetbasiert","VW Golf VII Variant 1.4 TSI DSG* | Gebrauchtwagen | Kombi | 5399. Copyright 2020 www.audaris.de, 2020-01-01","https://www.autohaus-lesser.de/angebote/vw/vw-golf-vii-variant-1.4/5399/","VW Golf VII Variant 1.4 TSI DSG*TEMPOMAT*XENON*"
"2491","2019-04-29","internetbasiert","Greyhounds verlieren knapp gegen die Dortmund Giants ⋆ Wuppertal Greyhounds Sportverein. Wuppertal Greyhounds Sportverein, 2019-04-29","https://www.greyhounds-football.com/greyhounds-verlieren-knapp-gegen-die-dortmund-giants/","Schon im ersten Drive marschierten die Dortmund Giants mit varianten Angriffsspiel übers Feld, und erzielten schnell die 6:0 Führung (EP geblockt)."
"2492","2019-09-19","internetbasiert","Klimakabinett könnte Elektroauto-Quote für Autohersteller beschließen. ecomento.de, 2019-09-19","https://ecomento.de/2019/09/19/klimakabinett-elektroauto-quote-fuer-autohersteler-entwurf/","Oder kaufen dann einen der beiden ID.4 varianten oder einen Q4-etron oder einen el born."
"2493","2020-04-26","internetbasiert","- Stiefmutterblog - Das Online Magazin für Patchwork und zweite Familien. Stiefmutterblog - Das Online Magazin für Patchwork und zweite Familien, 2020-04-26","https://stiefmutterblog.com/forums/Antwort/418787/","@lili die frage ob mein partner einverstanden ist stellt sich doch gar nicht. es gab die variante “ beziehung retten über zwei wohnungen“ oder Trennung und zwei wohnungen. wir haben uns für variate eins entschieden und hoffen das wir es hinbekommen. ausgang ist offen aber dann wohnen wir schon getrennt und müssen dann nicht in stress alles auseinanderziehen. ich sehe das für beide varianten positiv."
"2494","2020-01-11","internetbasiert","Ad Assets | my-exodus.de. Exodus Gaming, 2020-01-11","http://my-exodus.de/ad-assets/","Weiße Schrift auf transp. Hintergrund Unser logo in der SVG variante für eine verlustfreie größenänderung"
"2495","2020-01-07","internetbasiert","EBICS 3.0 – ein Satz an Parametern anstelle der Auftragsart. Was ist bei der Identifikation der Geschäftsvorfälle zu berücksichtigen?. EBICS 3.0 – ein Satz an Parametern anstelle der Auftragsart. Was ist bei der Identifikation der Geschäftsvorfälle zu b...","https://www.ebicsblog.de/2020/01/ebics-30-ein-satz-parametern-anstelle.html","Die weiteren nutzbaren BTF-Parameter in EBICS 3.0 sind Service Message Name Format, Service Message Name Variant und Service Message Name Version."
"2496","2019-06-06","internetbasiert","Wörtherseetreffen 2019 - Rückblick. OST-Blog, 2019-06-06","http://ost-blog.passat32.de/2019/06/06/woertherseetreffen-2019-rueckblick/","– Mittlerweile wurde ich auch darüber unterrichtet, dass es sich nicht um einen Passat, sondern um einen Santana Variant handelt."
"2497","2020-11-03","internetbasiert","VW Golf 8 Variant - Kompaktkombi in sechster Generation - NewCarz.de. NewCarz.de, 2020-11-03","https://www.newcarz.de/2020/11/03/vw-golf-8-variant-kompaktkombi-in-sechster-generation/","Parallel zum Golf Variant wird der neue Golf Alltrack durchstarten."
"2498","2020-08-12","internetbasiert","Achsschenkel links vorne VW Golf VI Variant (AJ5) 1.6 TDI 77 kW 105 PS (07.2009-07.2013) | 112184. Kempers.de, 2020-08-12","https://www.kempers.de/achsschenkel-links-vorne-vw-golf-vi-variant-aj5-1k0407255p/112184","Lenkgetriebe VW Golf VI Variant (AJ5) 1.6 TDI 77 kW 105 PS (07.2009-07.2013)"
"2499","2018-05-02","internetbasiert","McAfee und Siemens gemeinsam gegen IoT-Bedrohungen: »In der Industrie gibt es Systeme, die nicht mal mehr der Hersteller unterstützt«. 0800hardware.de, 2018-05-02","http://0800hardware.de/mcafee-und-siemens-gemeinsam-gegen-iot-bedrohungen-in-der-industrie-gibt-es-systeme-die-nicht-mal-mehr-der-hersteller-unterstuetzt/","Small (45mm x 18mm), robust and powerful board; 3.3V variant of the Nano family."
"2500","2020-04-30","internetbasiert","Wolfert Sale - Wolfert Gruppe. Wolfert Gruppe, 2020-04-30","https://www.wolfert-gruppe.de/wolfert-sale/","Volkswagen Passat Variant R-Line Edition 2.0 l TSI OPF 200(272) kW(PS) DSG 4Motion"
"2501","2019-04-25","internetbasiert","Holmer: Terra Variant 585 mit Bredal K165. Profi Online, 2019-04-25","https://www.profi.de/aktuell/neuheiten/holmer-terra-variant-585-mit-bredal-k165-11741950.html","Terra Variant 585 mit Bredal K165"
"2502","2020-02-07","internetbasiert","das ja-wort - einfach nur ja?. Edel Und Weiss Momente, 2020-02-07","http://www.edelundweiss-momente.ch/2020/02/07/das-ja-wort-und-was-es-mit-sich-bringt/","da gibt es ebenso verschiedene varianten, die ein brautpaar wählen kann und darf, sofern es möchte. aber eines vorweg, ich finde, die einleitung soll zum brautpaar passen. das bedeutet, dass ich dem brautpaar nicht die frage stelle: willst du deine angebetete zu deiner frau nehmen? oder umgekehrt."
"2503","2020-01-01","internetbasiert","21-650. isover.ch, 2020-01-01","https://www.isover.ch/de/solutions/21-650","Description Unité 1 Unité 2 Variant 1 Variant 2 Variant 3 Variant 4 Variant 5 Variant 6 Kassettenbreite b [mm] 500 600 600 Kassettentiefe t [mm] 160 140 160 ISOLENE P 032 d [mm] 20 20 20 CLADISOL 032 d [mm] 80 60 80 CLADISOL 032 d [mm] 140 140 140 Wärmeschutz im Winter und Sommer ** ** ** Wärmedurchgangskoeffizient:"
"2504","2020-07-19","internetbasiert","""Das System der Bildung von Grigori Grabovoi"". svet-centre.com, 2020-07-19","http://www.svet-centre.com/epages/63625358.sf/de_DE/?ObjectPath=/Shops/63625358/Products/P0004%5B1%5D","Es handelt sich um Aufreihungen von Vorlesungen von Grigori Grabovoi, die weitestgehend im Variant der Original-Vorlesung wiedergegeben wird."
"2505","2020-10-10","internetbasiert","Ab 350 Dollar und verspätet: Weitere AirPods Studio-Details geleakt • Apfellike.com. Apfellike.com, 2020-10-10","https://www.apfellike.com/2020/10/ab-350-dollar-und-verspaetet-weitere-airpods-studio-details-geleakt/","The renders that I shared last month seem to be the luxury variant — made of leather/metal."
"2506","2020-01-01","internetbasiert","Debon Dreiseitenkipper DDK 180x306 2,6t|E-Pumpe|Aktion. Koch Anhängerwerke, 2020-01-01","https://www.kochanhaengerwerke.de/kipper/3-seitenkipper/debon-dreiseitenkipper-ddk-180x306-2-6t-e-pumpe-aktion","Variant Heckkipper Variant 168x320cm 2,7t | E-Pumpe | Rampen | Aktion"
"2507","2020-04-29","internetbasiert","PS5: Darum wird wohl keine Abwärtskompatibilität bis zur PS1 geboten. play3.de – PS5 & PS4 News – Tests, Vorschauen, Videos, 2020-04-29","https://www.play3.de/2020/04/29/ps5-darum-wird-wohl-keine-abwaertskompatibilitaet-bis-zur-ps1-geboten/","Ich würde eine kostenlose variante bevorzugen aber ich wäre auch bereit sagen wir mal 19,99 für einen PS2 App im Store zu bezahlen die dann als Emulator dient, der DVDs lesen kann oder diese auf die Platte kopiert und von dort aus abspielt."
"2508","2020-01-01","internetbasiert","Der Volkswagen Golf Variant: Der Allrounder. heisel.de, 2020-01-01","https://www.heisel.de/der-volkswagen-golf-variant-der-allrounder/","Sieht gut für Sie aus: das Golf Variant Räderprogramm."
"2509","2019-09-25","internetbasiert","Smart Variant CON - CADBAS GmbH. CADBAS GmbH, 2019-09-25","https://www.cadbas.de/smart-variant-con/","Die Smart Variant CON 2022 ist die größte deutschsprachige Konferenz zum Thema Produktvarianz und Komplexitätsmanagement."
"2510","2020-10-17","internetbasiert","VBA-Zellwert – Abrufen, setzen oder ändern. aow2017.de, 2020-10-17","https://www.aow2017.de/vba-zellwert-abrufen-setzen-oder-aendern/","var = Bereich („A1“).Wert Hier haben wir eine Variable vom Typ Variant verwendet."
"2511","2018-08-14","internetbasiert","Ein Besuch in der Spreewood Distillerie im Spreewald - Die Taster. Blog-Pirat, 2018-08-14","https://blog-pirat.com/spreewood-distillerie-die-taster/","Weiter ging es in die Brennerei mit den großen Brennblasen, auch hier gab es was für die trockenen Kehlen, echten Spreewälder Gurkengeist, eine variante des bekannten Himbeergeist, bloß ohne Himbeeren sondern mit Gurken."
"2512","2020-03-02","internetbasiert","Alvi Mull-Schlafsack Uni türkis | Kinderhaus Blaubär. kinderhaus-blaubaer.de, 2020-03-02","https://www.kinderhaus-blaubaer.de/kinderzimmer/schlafen-und-relaxen/schlafsaecke/alvi-mull-schlafsack-uni-tuerkis_34308_55275","[...] { _tsRatingConfig = { tsid : 'X0C74C395F78C2D0663798C126CCFC286', element : '#ts_review_sticker', variant : 'testimonial', reviews : '5', betterThan : '3.0', richSnippets : 'on', backgroundColor : '#FFDC0F', linkColor : '#000000', quotationMarkColor : '#FFFFFF', fontFamily : 'Arial', reviewMinLength : '10' }; var scripts = document.getElementsByTagName('SCRIPT'), me = scripts[scripts.length - 1]; var _ts = document.createElement('SCRIPT'); _ts.type = 'text/javascript'; _ts.async = true; _ts.src = '//widgets.trustedshops.com/reviews/tsSticker/tsSticker.js'; me.parentNode.insertBefore(_ts, me); _tsRatingConfig.script = _ts; })(); [...]"
"2513","2020-01-01","internetbasiert","Der Volkswagen Golf Variant: Der Allrounder. heisel.de, 2020-01-01","https://www.heisel.de/der-volkswagen-golf-variant-der-allrounder/","Machen Sie es sich in Ihrem Golf Variant bequem."
"2514","2020-01-01","internetbasiert","33-200. isover.ch, 2020-01-01","https://www.isover.ch/de/solutions/33-200","Description Unité 1 Unité 2 Variant 1 Variant 2 Variant 3 Variant 4 Variant 5 Variant 6 Zementestrich d [mm] 50 PS 81 d [mm] 20 UNIROLL 035 d [mm] 180 Wärmeschutz im Sommer Wärmespeicherfähigkeit (mit Rsi) κi,oben [Wh/m2 K)] 13 Wärmespeicherfähigkeit (mit Rsi) κi,unten [Wh/m2 K)] 3 Schalldämmung Bewertetes Schalldämm-Mass Rw [dB] 62 Spektrum-Anpassungswerte (C;Ctr)"
"2515","2020-01-16","internetbasiert","Catwoman feiert 80 Jahre mit Comic-Special. Das Batman-Projekt, 2020-01-16","https://batmanprojekt.com/2020/01/16/catwoman-80th-anniversary-100-page-super-spectacular/","Außerdem wird es acht Variant Cover geben, mit denen Zeichner wie Jim Lee und Adam Hughes je eine Dekade der 80 Jahre würdigen."
"2516","2018-03-01","internetbasiert","Klinische FragestellungMentale Retardierung, hirnorganisch. Amedes Genetics, 2018-03-01","https://www.amedes-genetics.de/krankheiten/krankheit/detail/mentale-retardierung-hirnorganisch.html","Ceroid lipofuscinosis, neuronal, 8, Northern epilepsy variant (CLN8)"
"2517","2019-02-15","internetbasiert","Grundrezept für einfache Pannacotta mit Tonka-Bohnen und Mango – ohne Gelatine. Süße Sachen selber machen, 2019-02-15","https://sonjasahneschnitte.wordpress.com/2019/02/15/grundrezept-fuer-einfache-pannacotta-mit-tonka-bohnen-und-mango-ohne-gelatine/","Grundrezept für schnell, locker und einfach vegane Muffins + variante zum Valentinstag Rezept für vegane Cookies mit Öl (optional glutenfrei) Kommentare sind deaktiviert."
"2518","2020-01-01","internetbasiert","Zylinderkopfdichtung 1-Loch VW 1,9 D TD GTD SDI. Bus-Scheune.de, Ersatzteile fuer VW Bus T3 VW Bus T4 guenstig kaufen., 2020-01-01","https://www.bus-scheune.de/weitere-VW-Classic-Modelle/Golf-III/Dichtungen-Dichtsaetze/Zylinderkopfdichtung-1-Loch-VW-1-9-D-TD-GTD-SDI::49419.html","[...] 1.9 D 11/95-01/04 47/64 VW CADDY II Pick-up (9U7) 1.9 D 06/96-12/00 47/64 VW GOLF III (1H1) 1.9 D 11/91-08/97 48/65 VW GOLF III (1H1) 1.9 TD GTD 11/91-08/97 55/75 VW GOLF III Variant (1H5) 1.9 D 07/93-04/99 48/65 VW GOLF III Variant (1H5) 1.9 TD 07/93-04/99 55/75 VW PASSAT (3A2, 35I) 1.9 D 05/89-10/93 50/68 VW PASSAT (3A2, 35I) 1.9 TD 03/91-08/96 55/75 VW PASSAT Variant (3A5, 35I) 1.9 D 05/89-10/93 50/68 VW PASSAT Variant (3A5, 35I) 1.9 TD 03/91-05/97 55/75 VW POLO (6N1) 1.9 D 10/94-10/99 47/64 VW POLO (6N2) 1.9 D 10/99-09/01 47/64 VW POLO CLASSIC (6KV2) 1.9 SDI 12/95-08/99 47/64 VW POLO Kasten (6NF) 1.9 D 10/94-12/99 47/64 VW VENTO (1H2) 1.9 D 11/91-09/98 48/65 VW VENTO (1H2) 1.9 TD 11/91-09/98 55/75 [...]"
"2519","2020-01-01","internetbasiert","[Wild Rastakhan] Spellstone OTK-Priest - Hearthstone Deck-Guide. HearthstoneHeroes.de, 2020-01-01","https://www.hearthstoneheroes.de/decks/vivid-otk-priest/","Alle varianten können durch einen toten Blutmagier Thalnos verbessert werden."
"2520","2019-03-30","internetbasiert","Youtuber AUTO BILD: VW Golf 8 Variant (2020) Zukunftsaussicht / erste Infos / Details / Erklärung. Ausfahrt.tv, 2019-03-30","https://ausfahrt.tv/youtuber-auto-bild-vw-golf-8-variant-2020-zukunftsaussicht-erste-infos-details-erklaerung/","Nachstehend findest Du den Videobeschreibungstext des Videos „VW Golf 8 Variant (2020) Zukunftsaussicht / erste Infos / Details / Erklärung“ von „AUTO BILD“:"
"2521","2019-09-06","internetbasiert","Bitkom-Umfrage: 47 Prozent der Deutschen können sich E-Auto-Kauf vorstellen. ecomento.de, 2019-09-06","https://ecomento.de/2019/09/06/bitkom-umfrage-47-prozent-koennen-sich-elektroauto-kauf-vorstellen/","Warum sollte ich 20000€ für einen Eup ausgeben wenn es dafür einen familientauglichen 150PS Golf Variant mit unbegrenzter Reichweite gibt?"
"2522","2018-04-10","internetbasiert","Zähne weißer machen II❶II Was beim Zahnbleaching zu beachten ist. Zahnarzt Dinkelsbühl, 2018-04-10","https://xn--zahnarzt-dinkelsbhl-mbc.de/zaehne-weisser-machen/","Speziellen auch variante ein sich der"
"2523","2020-01-01","internetbasiert","Revia rezeptfrei kaufen. awc-of-berlin.de, 2020-01-01","https://awc-of-berlin.de/kaufen-revia-rezeptfrei.html","Hypophysentumoren, nehmen sie sich zeit, der unterschied von dem markenmedikament besteht nur in der anwendungsart und der wirkungseintrittzeit, da diese pille die längste wirkungsdauer vorweisen kann und auch als variante zur täglichen einnahme erhältlich ist cialis once a day, um sich nicht selbst in gefahr zu bringen."
"2524","2018-10-26","internetbasiert","Suche. tksoft-online.de, 2018-10-26","http://www.tksoft-online.de/index.php/ms-access/bsp-db-s/bsp-downloads-datum-und-zeit/26-ermitteln-von-frei-definierbaren-zeitanteilen-aus-frei-definierbaren-zeitraeumen","Public Function Zeitraumerfassung(varStart As Variant, varEnde As Variant, varZeitraumStart As Variant, _ varZeitraumEnde As Variant, Optional fTyp As Boolean = True)"
"2525","2020-02-18","internetbasiert","VW Limousine gebraucht online kaufen. instamotion.com, 2020-02-18","https://www.instamotion.com/marke/volkswagen/limousine","Als klassischer Kombi praktisch Synonym für den Passat: der Variant."
"2526","2020-08-03","internetbasiert","Variant 2717 T3 | 320x168cm - 2,7t | Rückwärtskipper - Hochplane. PKW-Anhänger kaufen bei P+P Anhängercenter | Wohnmobil Vermietung & Anhängervermietung, 2020-08-03","http://www.ppanhaengercenter.com/store/p909/Variant-2717-T3-320-x-168-cm.html","Variant"
"2527","2020-05-03","internetbasiert","Xiaomi Poco F2 Pro erscheint in Kürze - und erneut nur eine Kopie. GO2mobile, 2020-05-03","https://www.go2android.de/xiaomi-poco-f2-pro-erscheint-in-kuerze-und-erneut-nur-eine-kopie","LPDDR4x + UFS 3.0 on 6 GB+128 GB variant"
"2528","2019-01-02","internetbasiert","Enhanced E-Commerce Tracking mit dem semantic dataLayer | morefire. Morefire, 2019-01-02","https://www.more-fire.com/blog/enhanced-e-commerce-tracking-mit-dem-semantic-datalayer/","'Google', 'category': 'netherlands/nederlandse kust/wasenaar', 'variant': 'adults', 'quantity': 2, 'dimension1':"
"2529","2020-06-24","internetbasiert","„GEVATTER“-INTERVIEW MIT SCHWARWEL - Glücklicher Montag. Glücklicher Montag, 2020-06-24","https://gluecklicher-montag.de/gevatter-interview-mit-schwarwel/","Für Sammler war das sicher der reinste Horror, weil sie sich gezwungen sahen, von jedem Variant wenigstens eine Ausgabe zu haben."
"2530","2020-07-11","internetbasiert","Südamerika: Andenzauber. Wikinger Reisen GmbH, 2020-07-11","https://www.wikinger-reisen.de/wanderreisen/chile/4524.php","Putre 3 Variante 3:"
"2531","2018-05-16","internetbasiert","Wintergarten Preise 2020 | Was kostet ein Wintergarten?. Kostenguide, 2018-05-16","https://kostenguide.de/wintergarten-preise/","WintergartenBeschattung (Überblick über alle varianten)"
"2532","2020-11-02","internetbasiert","Keine Massenimpfungen gegen SARS-CoV-2, keine Corona-Impfzentren und -Kühlketten, kein Geld für COVAX. Schariagegner, 2020-11-02","https://schariagegner.wordpress.com/2020/11/02/keine-massenimpfungen-gegen-sars-cov-2-keine-corona-impfzentren-und-kuehlketten-kein-geld-fuer-covax/","A new COVID variant of the SARS-COV-2 virus, termed VUI–202012/01 (or lineage B.1."
"2533","2018-04-24","internetbasiert","Das Canyon Grail: Testride Review. Torsten Frank . : : . tfrank.de - Das Blog, 2018-04-24","https://torstenfrank.wordpress.com/2018/04/24/das-canyon-grail-testride-review/","– Specialized Diverge 2019…gefällt mir auch sehr, allerdings nur in der S-Works Variante (Rahmen 3700€) und dementsprechend teuer, die X1 variante gefällt mir nicht, ich kann nicht verstehen, warum die Pro Variante (5730€) mit DI2 nur in USA verfügbar ist, nicht ganz billig aber das war bei Speci ja immer schon so."
"2534","2018-11-23","internetbasiert","Fototische. studiotische.de, 2018-11-23","https://www.studiotische.de/Fototische","Topstativ am Variant Super Maxi für Aufnahmen von oben"
"2535","2020-03-18","internetbasiert","Legal - Aangetekend Mailen - Beveiligd & Rechtsgeldig documenten versturen. Aangetekend Mailen - Beveiligd & Rechtsgeldig documenten versturen, 2020-03-18","https://www.digitaleinschreiben.de/legal/","Digital Einschreiben Plus (Registered Email Plus): ist das qualifizierter variant von die „Dienst für die Zustellung elektronischer Einschreiben“, der die Anforderungen von Artikel 43.2 und 44 der eIDAS-Verordnung erfüllt."
"2536","2020-08-12","internetbasiert","Achsschenkel links vorne VW Golf VI Variant (AJ5) 1.6 TDI 77 kW 105 PS (07.2009-07.2013) | 112184. Kempers.de, 2020-08-12","https://www.kempers.de/achsschenkel-links-vorne-vw-golf-vi-variant-aj5-1k0407255p/112184","Steuergerät Bluetooth VW Golf VI Variant (AJ5) 1.6 TDI 77 kW 105 PS (07.2009-07.2013)"
"2537","2018-08-05","internetbasiert","Elemente. rcp-vermietung.at, 2018-08-05","https://www.rcp-vermietung.at/de/elemente.html","News News Variante 1 Lorem ipsum dolor sit amet, consetetur sadipscing elitr"
"2538","2020-01-01","internetbasiert","Kurbelwellenrad VW 1,6 1,9 D TD. Bus-Scheune.de, Ersatzteile fuer VW Bus T3 VW Bus T4 guenstig kaufen., 2020-01-01","https://www.bus-scheune.de/weitere-VW-Classic-Modelle/Golf-III/Motor/Kurbelwellenrad-VW-1-6-1-9-D-TD::49413.html","[...], 1G1) 1.6 D 08.83 - 10.91 40 - 54 VW GOLF II (19E, 1G1) 1.6 TD 08.89 - 10.91 44 - 60 VW GOLF II (19E, 1G1) 1.6 TD 04.89 - 10.91 59 - 80 VW GOLF II (19E, 1G1) 1.6 TD 08.83 - 10.91 51 - 70 VW GOLF III (1H1) 1.9 D 11.91 - 08.97 48 - 65 VW GOLF III (1H1) 1.9 TD GTD 11.91 - 08.97 55 - 75 VW GOLF III Variant (1H5) 1.9 D 07.93 - 04.99 48 - 65 VW GOLF III Variant (1H5) 1.9 TD 07.93 - 04.99 55 - 75 VW JETTA II (19E, 1G2) 1.6 D 01.84 - 10.91 40 - 54 VW JETTA II (19E, 1G2) 1.6 TD 04.89 - 10.91 59 - 80 VW JETTA II (19E, 1G2) 1.6 TD 01.84 - 10.91 51 - 70 VW JETTA II (19E, 1G2) 1.6 TD 01.90 - 10.91 44 - 60 [...]"
"2539","2018-05-31","internetbasiert","VW Passat Variant: Den neuen Volkswagen bewundern. Auto-Kombi, 2018-05-31","https://www.kombi.de/vw-passat-variant/","Seit 40 Jahren bietet der Autobauer mit dem Modell VW Passat Variant wohl eines der beliebtesten Fahrzeuge für Familien an."
"2540","2018-12-09","internetbasiert","LowCarb Pilzrahm-Pasta - HungerFreude - Ketogene & Low Carb Rezepte. HungerFreude - Ketogene & Low Carb Rezepte, 2018-12-09","https://hungerfreude.com/lowcarb-pilzrahm-pasta/","Unsere Rezepte kannst du praktisch mit jeder Low-Carb Nudel variante zubereiten."
"2541","2020-08-01","internetbasiert","FROM 20S TO 20S. gilka1836.de, 2020-08-01","https://gilka1836.de/barkeepers-lounge/","ANDIS PUNSCH VARIANTEN ESOTERIK INGREDIENTS"
"2542","2018-06-01","internetbasiert","Fertighaus Variant 192 | HANSE HAUS. Hanse Haus, 2018-06-01","https://www.hanse-haus.ch/de/architektur/haeuser/haus/variant-192/","Der offene Wohn-, Koch- und Essbereich im Erdgeschoss des Variant 192 ist der Mittelpunkt des täglichen Familienlebens."
"2543","2020-11-09","internetbasiert","Neuer VW Golf Alltrack Fahrbericht 2021 Golf 8 Variant - Autogefühl. Autogefühl, 2020-11-09","https://www.autogefuehl.de/2020/11/09/neuer-vw-golf-alltrack-fahrbericht-2021-golf-8-variant/","Der VW Golf 8 Variant ist fast 8 cm länger als der Vorgänger – was nicht nur am Überhang liegt, sondern vielmehr am vergrößerten Radstand."
"2544","2020-03-22","internetbasiert","Musterfeststellungsklage: Was tun, wenn es bei VW-Vergleichen zu Problemen kommt? / Kanzlei Dr. Stoll & Sauer bietet Servicepaket online an | Dr. Stoll & Sauer - VW Schadensersatz. Musterfeststellungsklage: Was tun, wenn es bei VW-Vergleichen zu Problem...","https://www.vw-schaden.de/aktuelles/musterfeststellungsklage-was-tun-wenn-es-bei-vw-vergleichen-zu-problemen-kommt-kanzlei-dr","Oberlandesgericht Stuttgart: Ein VW-Autohaus muss einem Verbraucher 25 Prozent des Kaufpreises für einen VW Passat Variant 2,0 TDI (Az. 9 U 3/19)."
"2545","2018-02-18","internetbasiert","Die süßeste Versuchung. wir waren alle mal bei blog.de, 2018-02-18","https://wirwarenallemalbeiblogde.wordpress.com/2018/02/18/die-suesseste-versuchung/","ich habe das noch nie wirklich gemocht, es ist mir einfach zu süss. deutlich schmackhafter für mich ist die nudossi variante, die ist deutlich nussiger."
"2546","2018-07-28","internetbasiert","Klagenfurter Spaß mit Pflanzen. Wordpressdotcom, 2018-07-28","https://peschka.at/2018/07/28/klagenfurter-spass-mit-pflanzen/","blog/texte andere seiten prosabruch kalser seelenwanderung bohumil und barnabas die frau des schneckenkönigs sterntaler hedwig in der nische donauwalzer (varianten) personal favorite oe1.orf.at texte für oe1.orf.at johnny be good alte texte bild/text/ton mit michael hedwig mit oskar stocker mit rudolf jungwirth mit ella raidel bilder bücher watschenmann fannipold autolyse wien publikationsliste termine ein paar rezensionen rezensionen tddl 2017 über mich impressum Klagenfurter Spaß mit Pflanzen 28/07/2018 if you know what i mean."
"2547","2018-04-18","internetbasiert","Windows 10 IoT 17134 nun auch erschienen. 0800hardware.de, 2018-04-18","http://0800hardware.de/windows-10-iot-17134-nun-auch-erschienen/","Small (45mm x 18mm), robust and powerful board; 3.3V variant of the Nano family."
"2548","2020-03-15","internetbasiert","Digital Money Printer | Geld verdienen im Internet. Marketingtrends, 2020-03-15","https://www.marketingtrends24.com/dmpa","Denke daran, Du möchtest ein Online Business aufbauen, also setze Deine Ziele von Anfang an etwas höher und da werden 500 Kontakte wie in der kleinen variante evtl. etwas knapp."
"2549","2019-01-01","internetbasiert","Original Aluminium Felge VW | Top-Preis: 1.104,90 €. Top-Preis: 1.104,90 €, 2019-01-01","https://www.basenio.de/guenstig-kaufen/original-aluminium-felge-vw-57193/_golf-7/","[...] 1598 ccm, 77 KW, 105 PS VW Golf VII Variant 2013/05-2019/12 BA5 1.6 TDI 4motion 1598 ccm, 81 KW, 110 PS VW Golf VII Variant 2015/05-2019/12 BA5 1.0 TSI 999 ccm, 85 KW, 115 PS VW Golf VII Variant 2016/11-2019/12 BA5 1.0 TSI 999 ccm, 81 KW, 110 PS VW Golf VII Variant 2015/01-2019/12 BA5 2.0 GTD 1968 ccm, 135 KW, 184 PS VW Golf VII Variant 2015/03-2019/12 BA5 2.0 R 4motion 1984 ccm, 206 KW, 280 PS VW Golf VII Variant 2015/03-2019/12 BA5 2.0 R 4motion 1984 ccm, 221 KW, 300 PS VW Golf VII Variant 2016/09-2019/12 BA5 2.0 R 360S 4motion 1984 ccm, 265 KW, 360 PS VW Golf VII Variant 2013/04-2019/12 BA5 2.0 TDI 1968 ccm, 110 KW, 150 PS VW Golf VII Variant 2013/05-2019/12 BA5 2.0 TDI 1968 ccm, 81 KW, 110 PS VW Golf VII Variant 2013/04-2019/12 BA5 2.0 TDI 4motion 1968 ccm, 110 KW, 150 PS VW Golf VII Variant 2013/05-2019/12 BA5, BV5 1.4 TSI 1395 [...]"
"2550","2020-01-01","internetbasiert","Volkswagen VW 411. vw-411.de, 2020-01-01","http://vw-411.de/Testberichte-1968/Volkswagen-VW-411/","Test VW Variant 411 LE Tests Neue Modelle - VW 411 E Variant Rainer Günzler-Autotests VW 411 Testberichte 1970 Vergleichstest Variant 1600 - Variant 411:"
"2551","2020-01-01","internetbasiert","Pongratz Heckkipper PK 1800 151x260cm 1,8t|Handpumpe|BWA. Koch Anhängerwerke, 2020-01-01","https://www.kochanhaengerwerke.de/kipper/rueckwaertskipper/pongratz-heckkipper-pk-1800-151x260cm-1-8t-handpumpe-bwa","Variant Heckkipper Variant 168x320cm 2,7t | E-Pumpe | Rampen | Aktion"
"2552","2020-01-01","internetbasiert","25-300. isover.ch, 2020-01-01","https://www.isover.ch/de/solutions/25-300","Description Unité 1 Unité 2 Variant 1 Variant 2 Variant 3 Variant 4 Variant 5 Variant 6 Gipsfaserplatte d [mm] – – 10 10 Gipsfaserplatte d [mm] 12.5 12.5 12.5 12.5 Holzständer 60 x 60 mm h [mm] 60 – 60 – Holzständer 60 x 120 mm h [mm] –"
"2553","2018-01-01","internetbasiert","Bastuck Edelstahl Ø70mm Downpipe mit Kat VW Golf 7 1.2l + 1.4l TSI. Dein-Sportauspuff.de, 2018-01-01","https://dein-sportauspuff.de/bastuck-edelstahl-70mm-downpipe-mit-kat-vw-golf-7-1-2l-plus-1-4l-tsi.html","[...] / 1395 ccm³ 92 kW / 125 PS VW Golf 7 1.4 TSI / 1395 ccm³ 103 kW / 140 PS VW Golf 7 1.4 TSI / 1395 ccm³ 110 kW / 150 PS VW Golf 7 Sportsvan 1.2 TSI / 1197 ccm³ 63 kW / 85 PS VW Golf 7 Sportsvan 1.2 TSI / 1197 ccm³ 81 kW / 110 PS VW Golf 7 Sportsvan 1.4 TSI / 1395 ccm³ 92 kW / 125 PS VW Golf 7 Sportsvan 1.4 TSI / 1395 ccm³ 110 kW / 150 PS VW Golf 7 Variant 1.2 TSI / 1197 ccm³ 63 kW / 86 PS VW Golf 7 Variant 1.2 TSI / 1197 ccm³ 77 kW / 105 PS VW Golf 7 Variant 1.2 TSI / 1197 ccm³ 81 kW / 110 PS VW Golf 7 Variant 1.4 TSI / 1395 ccm³ 90 kW / 122 PS VW Golf 7 Variant 1.4 TSI / 1395 ccm³ 92 kW / 125 PS VW Golf 7 Variant 1.4 TSI / 1395 ccm³ 103 kW / 140 PS VW Golf 7 Variant 1.4 TSI / 1395 ccm³ 110 kW / 150 [...]"
"2554","2020-07-13","internetbasiert","saxophonist_köln_funky. Saxophonaut - Der Saxophonist aus Köln, 2020-07-13","https://saxophonaut.de/media/saxophonist_koeln_funky/","Zum Inhalt springen Suche nach: ÜBER MICH Marke Saxophonaut Profil Projekte Referenzen Auszeichnungen NEWS VARIANTEN Sax Solo Sax & Piano Sax & DJ Sax, Piano & Gesang Sax & Band MEDIA FOTOS VIDEOS saxophonist_köln_funky saxophonist_köln_funky saxophonaut 2020-07-13T22:14:51+00:00 Saxophonist Köln Funky Marys Düsseldorf Bonn Live-Sax, SaxnDJ Page load link"
"2555","2020-10-12","internetbasiert","Mobiles Casino Mindesteinzahlung 1 Euro 2022. attachment-parenting.de, 2020-10-12","https://attachment-parenting.de/mobiles-casino-mit-5-euro-einzahlung-2022/","Roulette varianten – Gibt es einen Autoplay bzw. einen Turbo-Modus?"
"2556","2019-04-16","internetbasiert","Kauknochen Test: die BESTEN im Vergleich » (05/2023) 🥇. CountryDog - Alles über Border Collies, 2019-04-16","https://www.countrydog.de/kauknochen/","Wenn du weißt, dass dein Vierbeiner bevorzugt Rind isst, solltest du nach einer variante mit Rinderhaut Ausschau halten."
"2557","2019-11-27","internetbasiert","Süße Variante des “Langschläfer”-Brots mit Rosinen #synchronbacken. Herbs & Chocolate, 2019-11-27","https://herbs-and-chocolate.de/2019/11/rosinenbrot-uebernachtgare-langschlaefer.html","wieso habe ich das mit der süßen variante eigentlich nicht wenigstens kurz in betracht gezogen? sehr verlockend!"
"2558","2019-05-31","internetbasiert","VW wird vollelektrisch – Mitarbeiterschulungen und Umbau. www.tarife.de, 2019-05-31","https://www.tarife.de/nachrichten/vw-wird-vollelektrisch-mitarbeiterschulungen-und-umbau_219905.html","Sechs ID-Modelle und drei Konzernmarken sollen künftig aus Zwickau kommen, bisher wurden hier der Golf Variant und der Passat gefertigt."
"2559","2018-02-05","internetbasiert","DGAP-News Advanced Blockchain AG entwickelt mit Digital Worx GmbH im Bereich Industrie 4.0 und Internet der Dinge (IoT). DGAP-News Advanced Blockchain AG entwickelt mit Digital Worx GmbH im Bereich Industrie 4.0 und Internet der Dinge (IoT), 2018-02-05","http://0800hardware.de/dgap-news-advanced-blockchain-ag-entwickelt-mit-digital-worx-gmbh-im-bereich-industrie-4-0-und-internet-der-dinge-iot/","Small (45mm x 18mm), robust and powerful board; 3.3V variant of the Nano family."
"2560","2018-05-31","internetbasiert","VW Golf Variant: Zuverlässigkeit und Erfolg seit 1993. Auto-Kombi, 2018-05-31","https://www.kombi.de/vw-golf-variant/","VW Golf Variant: Zuverlässigkeit und Erfolg seit 1993"
"2561","2020-01-01","internetbasiert","VW Passat Variant: Vereint Innovation & Komfort. Volkswagen Österreich, 2020-01-01","https://www.volkswagen.at/service-zubehoer/vorgaengermodelle/passat-variant","Von sportlich bis ökonomisch: Finden Sie Ihr persönliches Fahrprofil oder passen Sie das Fahrverhalten des Passat Variant an die jeweilige Situation an."
"2562","2019-09-20","internetbasiert","VW in Erfurt günstig kaufen | Lieferservice Erfurt. Copyright 2020 www.audaris.de, 2019-09-20","https://www.automobile-lopp.de/erfurt/vw/","Wer mehr Platz benötigt, ist mit dem Sharan oder auch Golf Variant und Passat Variant gut beraten."
"2563","2020-03-02","internetbasiert","Alvi Krabbeldecke rund | Kinderhaus Blaubär. kinderhaus-blaubaer.de, 2020-03-02","https://www.kinderhaus-blaubaer.de/alvi-krabbeldecke-rund_34414_54331","[...] { _tsRatingConfig = { tsid : 'X0C74C395F78C2D0663798C126CCFC286', element : '#ts_review_sticker', variant : 'testimonial', reviews : '5', betterThan : '3.0', richSnippets : 'on', backgroundColor : '#FFDC0F', linkColor : '#000000', quotationMarkColor : '#FFFFFF', fontFamily : 'Arial', reviewMinLength : '10' }; var scripts = document.getElementsByTagName('SCRIPT'), me = scripts[scripts.length - 1]; var _ts = document.createElement('SCRIPT'); _ts.type = 'text/javascript'; _ts.async = true; _ts.src = '//widgets.trustedshops.com/reviews/tsSticker/tsSticker.js'; me.parentNode.insertBefore(_ts, me); _tsRatingConfig.script = _ts; })(); [...]"
"2564","2020-02-27","internetbasiert","Einparkhilfe A3 » Der grosse Produktvergleich im Internet » 2023. Der grosse Produktvergleich im Internet, 2020-02-27","https://www.kominekgallery.de/einparkhilfe-a3/","[...] Passt für Audi A4 8E2, B6, A3 8P1, A3 8V1, 8VK, A3 Cabriolet 8P7, A3 Sportback 8PA; VW Beetle, EOS, Golf Plus, Golf Sportsvan, Golf VI 5K1, Golf VI Cabriolet 517, Golf VII 5G1, BQ1, BE1, BE2, Golf VII Kombi BA5, Golf VII Variant BA5, Golf VI Variant AJ5, Passat 3C2, 3G2, 362, A32, Passat Alltrack 365, Passat CC 357, Passat Variant 3C5, 3G5, 365, Phaeton 3D, Polo 6R, 6C, Scirocco 137, 138, Sharan 7N, 7N1, 7N2, Tiguan 5N, Touareg 7P5, Touran 1T1, 1T2, 1T3, 5T1. [...]"
"2565","2018-10-26","internetbasiert","Suche. tksoft-online.de, 2018-10-26","http://www.tksoft-online.de/index.php/ms-access/codes/codeschnipsel-ado-x/75-feld-erstellen-adox","[...] Sub NewCreateFieldADOX(strTabName As String, strNewFldName As String, _ varNewFldTyp As Variant, _ Optional intNewFldSize As Integer = 50, _ Optional boolNewZeroL As Boolean = False, _ Optional strNewDefaultV As String = """", _ Optional boolAuto As Boolean = False) '******************************************* 'Name: NewCreateField (Sub) 'Purpose: Erstellt ein neues Feld in der angegebenen Tabelle in der ' aktuellen Datenbank mittels ADOX 'Author: Thomas Keßler 'Date: Januar 09, 2003, 14:05:15 'Inputs: TabName = Name der neuen Tabelle, NewFldName = Name des neuen Feldes ' varNewFldTyp = Typ des neuen Feldes, ' adDate=7, adDouble=5, adInteger=3, adSingle=4, adBoolean=11, adCurrency=6 ' adVarWChar=202, weitere s. [...]"
"2566","2020-01-01","internetbasiert","32-210. isover.ch, 2020-01-01","https://www.isover.ch/de/solutions/32-210","[...] Description Unité 1 Unité 2 Variant 1 Variant 2 Variant 3 Variant 4 Variant 5 Variant 6 Zementestrich d [mm] 70 70 100 100 ISOCALOR d [mm] 32 43 32 43 Wärmeschutz im Winter Wärmedurchgangskoeffizient U [W/(m2 K)] 0.86 0.68 0.86 0.68 Wärmeschutz im Sommer Wärmespeicherfähigkeit (mit Rsi) κi,oben [Wh/m2 K)] 13 13 13 13 Wärmespeicherfähigkeit (mit Rsi) κi,unten [Wh/m2 K)] 19 19 19 19 Schalldämmung Bewertetes Schalldämm-Mass Rw [dB] 62 62 62 62 Spektrum-Anpassungswerte (C;Ctr) [...]"
"2567","2020-08-03","internetbasiert","Variant 3518 M3 | 300x180cm - 3,5t | Baumaschinen Anhänger mit Blattfederung. PKW-Anhänger kaufen bei P+P Anhängercenter | Wohnmobil Vermietung & Anhängervermietung, 2020-08-03","http://www.ppanhaengercenter.com/store/p615/Variant-3518M3-Baumaschinenanhaenger-Blattfederung.html","Hersteller: Variant"
"2568","2019-11-11","internetbasiert","Comicvorstellung: I hate Fairyland 01 – Verrückt bis an ihr seliges Ende von Popcom. I AM NERD!, 2019-11-11","https://www.iamnerd.de/2019/11/11/comicvorstellung-i-hate-fairyland-01-verrueckt-bis-an-ihr-seliges-ende-von-popcom/","Skottie Young, der den aktuellen Deadpool Neustart-Run für Marvel schreibt und für diverse Variant Cover verantwortlich ist, hat bei I hate Fairyland sowohl das Szenario entwickelt, als auch die Kreativarbeit mit seinem ganz eigenen niedlich-lustigen Stil übernommen."
"2569","2020-01-01","internetbasiert","VOLKSWAGEN Teilekatalog. Autoteile-Rathenow Autoteile-Premnitz Ersatzteile Neuteile - Automarkt in Rathenow - Premnitz, 2020-01-01","https://www.autoteile-rathenow.de/gebrauchtteile/volkswagen-teilekatalog/","16 % MwSt. zzgl. Versandkosten VW Golf III Variant Tür hinten rechts weiss Farbcode LB9A Lieferzeit:"
"2570","2020-09-11","internetbasiert","Content Shock als Chance. Monika Birkner Freedom Business, 2020-09-11","https://monikabirknerfreedombusiness.de/content-shock-als-chance-vielseitige-solopreneure/","a) Variante 1:"
"2571","2020-02-18","internetbasiert","Green Lantern wird 80. Das Batman-Projekt, 2020-02-18","https://batmanprojekt.com/2020/02/18/green-lantern-80-years-special-earth-one-vol-2/","Darüber hinaus wird es wieder acht Variant Cover geben, die jeweils ein Jahrzehnt würdigen, darunter von Neal Adams, Doug Mahnke, Jim Lee, David Finch und Ivan Reis."
"2572","2019-02-20","internetbasiert","The Art of Travel – 9 Reisearten in den Philippinen. The Art of Travel – 9 Reisearten in den Philippinen | philippinen-blog.ch, 2019-02-20","https://www.philippinen-blog.ch/the-art-of-travel-9-reisearten-in-den-philippinen/","Willst du de etwas Teurere Klimatisiert Variante oder die Kostengünstige „Open Window“ variante."
"2573","2020-02-28","internetbasiert","VW Passat Variant Polizei Lübeck CSD. Modellsammlung.de, 2020-02-28","http://www.modellsammlung.de/modelle/vw-passat-variant-polizei-luebeck-csd/","Automarke: Volkswagen Modell: Passat Variant Organisation: Polizei Verwendung: Streifenwagen Kennung:"
"2574","2018-01-17","internetbasiert","Geht nicht, gibt es nicht!. IT-Service für Business - Web-Hosting - Web-Design - 3D Printing, 2018-01-17","https://www.pcdoctor-lp.de/geht-nicht-gibt-es-nicht/","Wer einen Schreibtisch aus Metall und Glas hat, kann hier bedenkenlos die schraubenlose variante benutzen."
"2575","2019-06-27","internetbasiert","Also kauft IoT-Plattform-Provider. 0800hardware.de, 2019-06-27","http://0800hardware.de/also-kauft-iot-plattform-provider/","Small (45mm x 18mm), robust and powerful board; 3.3V variant of the Nano family."
"2576","2018-10-29","internetbasiert","Diamond Dance Variationen. dreikleineperlen.blogspot.com, 2018-10-29","https://dreikleineperlen.blogspot.com/2018/10/diamond-dance-variationen.html","Das ist eine tolle variante und gefällt mir auch sehr gut AntwortenLöschen"
"2577","2020-04-02","internetbasiert","79-15 Crease & Board Stiffness Tester • Luhne Messtechnik • Pira Tester. Luhne Messtechnik, 2020-04-02","https://luhne-messtechnik.de/produkt/crease-board-stiffness-tester/","Zum einen kann der Kunde die eckigen variante wählen, jedoch ist auch im Bereich der Zigarettenfaltschachteln die runde Klammern der Philip Morris Methode weit verbreitet."
"2578","2018-04-11","internetbasiert","Herzhafte & süße Waffeln aus Erbsenmehl. Bean Beat, 2018-04-11","https://beanbeat.de/herzhafte-suesse-waffeln-aus-erbsenmehl/","leider machen mich hülsenfrüchte nicht schlank, von daher gehe ich den fetten varianten aus wem weg🙂"
"2579","2019-02-06","internetbasiert","Digest: Deutsche Youtuber – 06.02.2019. Digest: Deutsche Youtuber – 06.02.2019, 2019-02-06","https://ausfahrt.tv/digest-deutsche-youtuber-06-02-2019/","voiceovercars.com: 2019 VW Passat Variant R-Line Alltrack GTE Premiere Vorstellung Sitzprobe erste Infos Meinung Kritik vom: 06.02.2019 19:18:47 Uhr Der VW Passat ist einer der Stützpfeiler von Volkswagen und auch wenn dieser Pfeiler nun etwas bröckelt, ist und bleibt er ein Erfolgsmodell."
"2580","2019-08-21","internetbasiert","""Zukunftsbaukasten"" iNEXT: BMW zeigt Prototypen-Bau im Pilotwerk. ecomento.de, 2019-08-21","https://ecomento.de/2019/08/21/elektroauto-inext-bmw-zeigt-prototypen-bau-video/","Und der i next ist wohl die suv variante."
"2581","2018-06-01","internetbasiert","Alle Grundrisse auf einen Blick: Bestellen Sie unseren Hauskatalog. Hanse Haus, 2018-06-01","https://www.hanse-haus.ch/de/architektur/haus-grundrisse/einfamilienhaus-grundrisse/","[...] Grundrisse Variant 35-161 161 m² Grundfläche | Planungsoptionen mit Wintergarten, Haustürvordach und Büroanbau Grundrisse Variant 35-172 172 m² Grundfläche | Planungsoptionen mit Zwerchgiebel, überdachtem Freisitz, Garage und Kellerersatzraum Grundrisse Variant 35-173 173 m² Grundfläche | Planungsoptionen mit überdachtem Terrassenbereich, Windfang und Büro oder Garagenanbau Grundrisse Villa 177 197 m² Grundfläche | Planungsoptionen mit überdachtem Freisitz, Küchenanbau und Carport Grundrisse Villa 178 228 m² Grundfläche | Planungsoptionen mit Teilunterkellerung, überdachtem Freisitz und vergrößertem Wohnbereich Grundrisse Villa 183 183 m² Grundfläche | Planungsoptionen mit Windfang und Luftraum über dem Essbereich Bei der Planung eines Einfamilienhaus Grundrisses [...]"
"2582","2019-09-02","internetbasiert","Der neue Passat und Passat Variant ab 288,- € mtl. im Autohaus Vetschau. Autohaus Vetschau GmbH, 2019-09-02","https://autohaus-vetschau.de/der-neue-passat-und-passat-variant-ab-288-e-mtl/","Effizienzklasse B. z.B. Passat Variant 1.5 TSI OPF 110 kW (150 PS) 7-Gang DSG"
"2583","2020-08-03","internetbasiert","Variant 3017 TB | 320x168cm - 3,0t | Dreiseitenkipper - Blattfederung. PKW-Anhänger kaufen bei P+P Anhängercenter | Wohnmobil Vermietung & Anhängervermietung, 2020-08-03","http://www.ppanhaengercenter.com/store/p106/Variant-3017TB-Dreiseitenkipper-Blattfederung.html","Variant"
"2584","2019-03-29","internetbasiert","Kurz nach dem Europa-Start: Tesla Model 3 überholt deutsche Premium-Limousinen. ecomento.de, 2019-03-29","https://ecomento.de/2019/03/29/europa-start-tesla-model-3-ueberholt-deutsche-pemium-limousinen/","Sie müssten 200.000 von den teuren varianten in europa verkaufen um einen jahresgewinn zu erreichen."
"2585","2018-11-30","internetbasiert","winter - die jahreszeiten-kochschule | esskultur. Esskultur, 2018-11-30","https://www.esskultur.at/shop/buch/winter-die-jahreszeiten-kochschule/","kochen lernen im rhythmus der jahreszeiten: in neun thematischen kapiteln zeigen spitzenkoch richard rauch (steira wirt) und ich, wie man aus dem besten, was uns der winter schenkt, köstliche mahlzeiten zubereitet. basis ist die österreichische küche, grenzen kennen wir keine. inkl. ästhetischen stepfotos, illustrierter warenkunde und unzähligen tripps, tricks & varianten."
"2586","2019-03-11","internetbasiert","DDoS Threat Intelligence Report von A10 Networks zeigt: Cyberkriminelle nutzen verstärkt IoT-Geräte für DDoS-Angriffe. 0800hardware.de, 2019-03-11","http://0800hardware.de/ddos-threat-intelligence-report-von-a10-networks-zeigt-cyberkriminelle-nutzen-verstaerkt-iot-geraete-fuer-ddos-angriffe/","Small (45mm x 18mm), robust and powerful board; 3.3V variant of the Nano family."
"2587","2019-12-19","internetbasiert","Fillikid Handwärmer Halifax Exclusiv | Kinderhaus Blaubär. kinderhaus-blaubaer.de, 2019-12-19","https://www.kinderhaus-blaubaer.de/fillikid-handwaermer-halifax_34642_55542","[...] { _tsRatingConfig = { tsid : 'X0C74C395F78C2D0663798C126CCFC286', element : '#ts_review_sticker', variant : 'testimonial', reviews : '5', betterThan : '3.0', richSnippets : 'on', backgroundColor : '#FFDC0F', linkColor : '#000000', quotationMarkColor : '#FFFFFF', fontFamily : 'Arial', reviewMinLength : '10' }; var scripts = document.getElementsByTagName('SCRIPT'), me = scripts[scripts.length - 1]; var _ts = document.createElement('SCRIPT'); _ts.type = 'text/javascript'; _ts.async = true; _ts.src = '//widgets.trustedshops.com/reviews/tsSticker/tsSticker.js'; me.parentNode.insertBefore(_ts, me); _tsRatingConfig.script = _ts; })(); [...]"
"2588","2019-01-01","internetbasiert","OMSI 2 Add-On Studio Polygon Lite Pack Steam Key für PC online kaufen. Gamesplanet.com, 2019-01-01","https://de.gamesplanet.com/game/omsi-2-add-on-studio-polygon-lite-pack-steam-key--2886-38","10.2m London Daimler and Cummins variant, with Engine/Gearbox Options listed above."
"2589","2018-06-01","internetbasiert","Fertighaus Variant 35-173 | HANSE HAUS. Hanse Haus, 2018-06-01","https://www.hanse-haus.ch/de/architektur/haeuser/haus/variant-35-173/","Das Hanse Haus Variant 35-173: das Haus, das perfekt zu Ihnen passt"
"2590","2020-01-01","internetbasiert","VW Passat B6 (Typ 3C) - alles neu, aber nicht ohne Fehler. BlogAuto.de, 2020-01-01","http://www.blogauto.de/vw-passat-b6-typ-3c-alles-neu-aber-nicht-ohne-fehler/","Die kleinen 1,4 Liter TSI-Motoren gelten als top, den Einstieg markierte der 1,6 Liter mit 102 PS, der mit dem Passat gerade als Variant aber kaum Fahrspaß aufkommen lässt."
"2591","2019-09-30","internetbasiert","Die „Gretchenfrage"": Was war zuerst, die Erderwärmung oder das anthropogene CO2? | QPress 🌍 die 4/2 Wahrheiten. QPress • die vier Halbwahrheiten, 2019-09-30","https://qpress.de/2019/09/30/gretchenfrage-zuerst-erderwaermung-oder-co2/","Zecke stufe eins, nicht mal mm groß, die kann wärme aufspüren CO2 riechen usw, wie die 5mm 2 variante die wieder die kleinen erzeugt."
"2592","2019-01-01","internetbasiert","Cougar dating deutsch kostenlos. zoom-filmproduktion.de, 2019-01-01","http://zoom-filmproduktion.de/cougar-dating-deutsch-kostenlos-598088.php","We find many variant for you."
"2593","2019-11-07","internetbasiert","Gestaltungsüberlegung zum Jahreswechsel - Steuerberater Jens Preßler. Steuerberater Jens Preßler, 2019-11-07","https://www.steuerberater-pressler.de/gestaltungsueberlegung-zum-jahreswechsel/","Variante a:"
"2594","2019-05-08","internetbasiert","Volkswagen will E-Mobilität durch erschwingliche Preise ""demokratisieren"". ecomento.de, 2019-05-08","https://ecomento.de/2019/05/08/volkswagen-will-e-mobilitaet-durch-erschwingliche-preise-demokratisieren/","Danach werden auch die billigen varianten angeboten."
"2595","2019-01-04","internetbasiert","Tesla öffnet Model-3-Konfigurator für deutsche Kunden. ecomento.de, 2019-01-04","https://ecomento.de/2019/01/04/tesla-oeffnet-model-3-konfigurator-fuer-deutsche-kunden/","Die jetzt lieferbaren teuren varianten sind preislich zu hoch und zu nah am model S."
"2596","2019-06-28","internetbasiert","Esstischgestelle aus Stahl | TischDirekt.de. TischDirekt.de GmbH, 2019-06-28","https://www.tischdirekt.de/tischgestelle/esstischgestelle-aus-stahl/","VARIANTEN _____"
"2597","2020-05-07","internetbasiert","Landgericht Freiburg verurteilt VW im Dieselskandal zum Schadensersatz. AKH-H, 2020-05-07","https://akh-h.de/urteile-und-erfolge/landgericht-freiburg-verurteilt-vw-im-dieselskandal-zum-schadensersatz","Im Verfahren vor dem LG Freiburg wurde über einen VW Passat Variant Highline BlueMotion entschieden."
"2598","2020-09-22","internetbasiert","22. september 2020 - guter plan. bin im garten: 22. september 2020, 2020-09-22","https://binimgarten.blogspot.com/2020/09/22-september-2020-guter-plan.html","anstatt über varianten des würfelthemas zu diskutieren schlug ich vor, eine variante der erweiterung des musterwürfels gemeinsam anzugehen, in wunschfarben diesmal - und mein vorschlag wurde gerne angenommen."
"2599","2020-01-01","internetbasiert","Dolf - Typ3.de. Typ3.de, 2020-01-01","https://www.typ3.de/dolf.html","""Doch, hier steht ein Variant zum Verkauf."""
"2600","2020-06-06","internetbasiert","Der VW Passat für die grünen Momente - Bürstädter Zeitung. BÃ¼rstÃ¤dter Zeitung, 2020-06-06","https://www.buerstaedter-zeitung.de/ratgeber/auto-und-motorrad/autotests/volkswagen/der-vw-passat-fur-die-grunen-momente_21770500","Länge 4,89 m Preis (Grundausstattung) 45 810 € Breite 1,83 m Kofferraumvolumen 483-1613l Höhe 1,52 m Testverbrauch 4,6 l plus 15 kWh/100 km kW/PS 160/218 CO2-Ausstoß (WLTP) 37 g/km VW Passat GTE Variant Highline Länge 4,89 m Preis (Grundausstattung) 45 810 € Breite 1,83 m Kofferraumvolumen 483-1613l Höhe 1,52 m Testverbrauch 4,6 l plus 15 kWh/100 km kW/PS 160/218 CO2-Ausstoß (WLTP) 37 g/km"
"2601","2019-12-31","internetbasiert","Schulze lobt Atomausstieg, Sebel lobt erneuer.bar, Fischer lobt den EQC 400. erneuer.bar, 2019-12-31","https://www.erneuer.bar/selektion/schulze-lobt-atomausstieg-sebel-lobt-erneuer-bar-fischer-lobt-den-eqc-400/","Mit dem Volkswagen ID.3 Variant hat Silva einen vollelektrischen Kombi auf der Basis des ID.3 geschaffen."
"2602","2018-10-19","internetbasiert","TÜV Rheinland eröffnet IoT Excellence Center in Shenzhen. 0800hardware.de, 2018-10-19","http://0800hardware.de/tuev-rheinland-eroeffnet-iot-excellence-center-in-shenzhen/","Small (45mm x 18mm), robust and powerful board; 3.3V variant of the Nano family."
"2603","2020-08-03","internetbasiert","Variant 2700 U4 | 420x210cm - 2,7t | Kippbarer Multitransporter - Hochlader Anhänger. PKW-Anhänger kaufen bei P+P Anhängercenter | Wohnmobil Vermietung & Anhängervermietung, 2020-08-03","http://www.ppanhaengercenter.com/store/p613/Variant-2700U4-Kippbarer-Hochlader-Anhaenger.html","Variant"
"2604","2020-06-01","internetbasiert","VW Passat Variant Business TDI DSG ACC LED Navi SHZ. autovisits.de, 2020-06-01","https://www.autovisits.de/autos/vw/passat/detail_5727728/","[...] km 800 € VW Passat Rottenburg Kein TÜV, Diesel, 408000 km, Manuelle Schaltung 1.050 € VW Passat 89073 Ulm Kein TÜV, Benzin, 174140 km, Manuelle Schaltung 1.099 € VW Golf Variant 33602 Bielefeld Kein TÜV, 74 kW (101 PS), Diesel, 220000 km, Manuelle Schaltung 1.120 € VW Golf Variant 33602 Bielefeld Kein TÜV, 74 kW (101 PS), Diesel, 220000 km, Manuelle Schaltung 1.120 € VW Passat 91598 Colmberg Kein TÜV, Benzin, 234000 km, Manuelle Schaltung 1.200 € VW Passat Variant 47798 Krefeld Kein TÜV, 204 kW (277 PS), Baujahr: 2001, Benzin, 320400 km, Manuelle Schaltung, Blau 1.200 € VW Passat 91598 Colmberg Kein TÜV, Benzin, 234000 km, Manuelle Schaltung 1.200 € VW Passat 91598 Colmberg Kein TÜV, Benzin, 234000 km, Manuelle Schaltung 1.200 € VW Passat 91598 Colmberg Kein TÜV, Benzin, 234000 km, Manuelle Schaltung 1.200 € VW Passat 35683 Dillenburg Kein TÜV, Diesel, 265000 km, Manuelle Schaltung, Dunkelblau Metalic 1.200 € VW Passat 27619 Schiffdorf Kein TÜV [...]"
"2605","2018-08-05","internetbasiert","Ralf Rauer | AR Architektur Planung & Design | Ettenheim. AR-Architektur, 2018-08-05","https://www.ar-rauer.de","News News Variante 3 News News Variante 2 Lorem ipsum dolor sit amet, consetetur sadipscing elitr"
"2606","2019-01-01","internetbasiert","Quoka bekanntschaften bayreuth. Quoka bekanntschaften nürnberg | Mottak. zoom-filmproduktion.de, 2019-01-01","http://zoom-filmproduktion.de/quoka-bekanntschaften-bayreuth-769834.php","Leichten variante kommt schon zu erleben wie du erfahrungen."
"2607","2020-08-21","internetbasiert","VW Golf 8 ab sofort auch in zwei Plug-in-Hybrid-Versionen verfügbar. ecomento.de, 2020-08-21","https://ecomento.de/2020/08/21/vw-golf-8-plug-in-hybride-gte-ehybrid-verfuegbar/","Die Zehn war ein Golf V Variant mit 280.000 km den ich mit Eintauschprämie für einen Passat Bluemotion abgegeben habe."
"2608","2020-08-03","internetbasiert","Variant 3500 U6 | 620x210cm - 3,5t | Kippbarer Multitransporter mit Hochplane & Airlinefront. PKW-Anhänger kaufen bei P+P Anhängercenter | Wohnmobil Vermietung & Anhängervermietung, 2020-08-03","http://www.ppanhaengercenter.com/store/p866/Variant-3500-U6-Plane-Airlinefront.html","Variant Kippbare Anhänger"
"2609","2019-03-04","internetbasiert","Tesla: Kompakt-SUV wird im März vorgestellt, Pickup-Truck ""später in diesem Jahr"". ecomento.de, 2019-03-04","https://ecomento.de/2019/03/04/tesla-suv-model-y-wird-im-maerz-vorgestellt-pickup-truck-spaeter/","bei der auslieferung der teueren varianten des M3 galt ja „america first“."
"2610","2020-11-03","internetbasiert","VW Golf 8 Variant - Kompaktkombi in sechster Generation - NewCarz.de. NewCarz.de, 2020-11-03","https://www.newcarz.de/2020/11/03/vw-golf-8-variant-kompaktkombi-in-sechster-generation/","Als Crossover aus dem Golf Variant und der SUV-Welt kommt der Alltrack serienmäßig mit permanentem Allradantrieb (4MOTION), erhöhter Bodenfreiheit, einer Allterrain-Optik inklusive spezifischer Stoßfänger und einem individualisierten Interieur auf den Markt."
"2611","2018-03-22","internetbasiert","Elektronikgehäuse für IoT-Anwendungen. 0800hardware.de, 2018-03-22","http://0800hardware.de/elektronikgehaeuse-fuer-iot-anwendungen/","The ease of use of a Nano board with the addition of secure IoT and BT connectivity Small (45mm x 18mm), robust and powerful board; 3.3V variant of the Nano family."
"2612","2019-05-10","internetbasiert","Release 19.05 - Final - Release Notes für die D-A-CH Community | atrify. Atrify Gmbh, 2019-05-10","https://www.atrify.com/release-notes/19-05-d-a-ch-community/","If you, as a data supplier, redeploy this information or adjust its mapping, please select the new variant using the standard attribute for transmitting this information."
"2613","2020-01-01","internetbasiert","Karriere. RMM Metallbearbeitung GmbH, 2020-01-01","https://www.rmm-metallbearbeitung.de/karriere/","[...]333333″ icon=“none“ icon_size=““ btn_icon_pos=“ubtn-sep-icon-right-rev“ btn_border_style=“solid“ btn_color_border=“#ffffff“ btn_color_border_hover=“#ffffff“ btn_border_size=“2″ btn_radius=“2″ btn_font_style=“font-weight:700;“ css_adv_btn=“.vc_custom_1572949728024{margin-top: 0px !important;margin-bottom: 0px !important;padding-top: 0px !important;padding-bottom: 0px !important;}“ btn_font_size=“desktop:18px;“ btn_line_height=“desktop:28px;“ btn_font_family=“font_family:Roboto|font_call:Roboto|variant:700″][/vc_column][/vc_row] [...]"
"2614","2018-08-12","internetbasiert","3D Druck - Pwnagotchi Gehäuse / Case (14 Varianten). 3d-loewe.de, 2018-08-12","https://www.3d-loewe.de/p/pwnagotchi-gehaeuse-case-14-varianten","Variante N: pwnagotchi waveshare slim pisugar900"
"2615","2019-03-21","internetbasiert","mund-nasen-schutz - schnatzplatz. schnatzplatz.de, 2019-03-21","https://schnatzplatz.de/p/mund-nasen-schutz","Sie haben 0 Artikel im Warenkorb. 0 Home Shop Händler Oma Utes Mehlklöße Kontakt Home Shop Händler Oma Utes Mehlklöße Kontakt Home Shop mund-nasen-schutz mund-nasen-schutz 10,00 € inkl. MwSt., zzgl. Versand Lieferzeit: 3-4 Tag(e) Maske: Auswählen määche schwarz määche grau jong schwarz jong grau In den Warenkorb Beschreibung bei 60° waschbar varianten: määche schwarz määche grau jong schwarz jong grau"
"2616","2019-07-22","internetbasiert","Fahrzeug Detailsuche | Autohaus Seifert GmbH. Autohaus Seifert GmbH, 2019-07-22","https://www.vw-seifert.de/fahrzeugbestand/fahrzeug-detailsuche/","[...] Inzahlungnahme und Ankauf Garantieverlängerung Wunschfahrzeug Probefahrt E-Mobilität Aktionen alle Aktionen Fahrzeug-Aktionen Service-Aktionen Service Leistungsportfolio Audi Service Economy Service Lackiererei Nutzfahrzeug Sonderumbauten Assistenzsysteme Teile & Zubehör Anfrage Unser Autohaus Shop Service Termin Mietwagen Großkunden Autohaus Über uns Ansprechpartner Karriere und Ausbildung Bewerbungsformular Sponsoring Kindersprint Kontakt Ansprechpartner Notdienst Service Termin Kontaktformular Anfahrt & Öffnungszeiten Rückrufservice Impressum Datenschutz × Fahrzeugbestand Fahrzeug Detailsuche Detailsuche - Fahrzeug(e) gefunden Fahrzeugtyp Bauart Andere Kastenwagen Kastenwagen hoch Kastenwagen lang Kombi Limousine Pritsche SUV/Geländewagen/Pickup Van/Kleinbus Fahrzeugart Gebrauchtfahrzeug Neufahrzeug Tageszulassung Vorführfahrzeug Allgemeine Angaben Marke Audi BMW Fiat Volkswagen Modell 220 Active Tourer A4 A6 Caddy Crafter Golf ID.Buzz Passat Variant Polo Q2 Q5 Qubo T-Cross T-Roc T6 T6 Transporter T6.1 Taigo Tiguan Aktionen Standort Autohaus Seifert GmbH Getriebe Automatik Schaltgetriebe Alle Kraftstoffe Benzin Diesel Elektro Hybrid (Benzin/Elektro) [...]"
"2617","2018-06-01","internetbasiert","Ein eigener Ankleideraum: der Traum vieler Bauherren und ganz leicht umsetzbar. Hanse Haus, 2018-06-01","https://www.hanse-haus.ch/de/architektur/hausaustattung-bemusterung/einbaumoebel/","Bei unserem Hausvorschlag Variant 35-172 zeigen wir Ihnen zum Beispiel als Planungsoption einen Zwerchgiebel, der das Dachgeschoss um eine helle Galerie erweitert und im Erdgeschoss im Wohnbereich die Möglichkeit für einen Fenstersitz schafft."
"2618","2020-01-01","internetbasiert","VW Vorteilspakete für Modelle älter als 4 Jahre. Volkswagen Österreich, 2020-01-01","https://www.volkswagen.at/service-zubehoer/volkswagen-service/angebote-und-aktionen/vorteilspakete","[...] 12-16 241,- ab 186,- Polo Trommelbremse 03-09 265,- ab 206,- Polo Scheibenbremse 03-09 322,- ab 250,- Polo Trommelbremse 10-16 265,- ab 206,- Polo Scheibenbremse 10-16 312,- ab 250,- Golf V Frontantrieb 04-09 302,- ab 235,- Golf V 4Motion 04-09 453,- ab 351,- Golf VI Frontantrieb 09-13 400,- ab 309,- Golf VI 4Motion 09-13 453,- ab 351,- Golf VII Frontantrieb 12-16 393,- ab 313,- Golf VII 4Motion 12-16 528,- ab 409,- Golf Variant Frontantrieb 10-14 315,- ab 245,- Golf Variant 4Motion 10-14 458,- ab 354,- Golf Plus 10-16 400,- ab 309,- Touran 03-10 302,- ab 235,- Touran 11-16 304,- ab 246,- New Beetle 12-16 306,- ab 235,- Tiguan Frontantrieb 07-16 347,- ab 270,- Passat Frontantrieb 06-14 325,- ab 253,- Passat 4Motion 06-14 468,- ab 363,- Passat Frontantrieb 15-16 328,- ab 265,- Passat 4Motion 15-16 543,- ab 421,- Sharan Frontantrieb 10-16 316,- ab 246,- Sharan 4Motion 10-16 468,- ab 363,- [...]"
"2619","2020-01-01","internetbasiert","21-635. isover.ch, 2020-01-01","https://www.isover.ch/de/solutions/21-635","Description Unité 1 Unité 2 Variant 1 Variant 2 Variant 3 Variant 4 Variant 5 Variant 6 Akustische Korrektur Frequenz f [Hz] 125 250 500 1000 2000 4000 mittel Schallabsorptionskoeffizient αS [–] 0.59 1.07 1.15 0.93 0.91 0.92 0.93"
"2620","2018-09-02","internetbasiert","Werkstudent /Praktikant (w/m) im Bereich Digital Operations Management / IoT / Industrie 4.0. Werkstudent /Praktikant (w/m) im Bereich Digital Operations Management / IoT / Industrie 4.0, 2018-09-02","http://0800hardware.de/werkstudent-praktikant-w-m-im-bereich-digital-operations-management-iot-industrie-4-0/","Small (45mm x 18mm), robust and powerful board; 3.3V variant of the Nano family."
"2621","2019-08-02","internetbasiert","Italiener-Radweg: Stadt Lienz favorisiert „Variante 1“. Dolomitenstadt, 2019-08-02","https://www.dolomitenstadt.at/2019/08/02/italiener-radweg-stadt-lienz-favorisiert-variante-1/","herr bergfex, meinst du nicht auch, dass es nicht allein die entscheidung hansers sein kann, auf welchen weg nun der italienische gast zum bahnhof geleitet wird, sondern letztlich die experten (verkehrsplaner) samt behörden und gemeinderat. im städchen lienz ist das längst nicht mehr wie in einigen landgemeinde, wo ein bauer oder ein anderer machtplunzn noch das alleinige sagen hat. ich finde es gut, wenn über alle möglichen varianten diskutiert wird. versuch bitte öfters die dinge nach sachlage zu beurteilen und nicht nach sympathie deines bekanntenkreises."
"2622","2018-03-10","internetbasiert","Microsoft OneNote: Neue Insider-Preview gibt Ausblick auf kommende Funktionen. Caschysblog, 2018-03-10","https://stadt-bremerhaven.de/microsoft-onenote-neue-insider-preview-gibt-ausblick-auf-kommende-funktionen/","Die Desktop variante ist locker genauso verbuggt, hat aber wenisgtens einen weit größeren Funktionsumfang."
"2623","2020-04-26","internetbasiert","- Stiefmutterblog - Das Online Magazin für Patchwork und zweite Familien. Stiefmutterblog - Das Online Magazin für Patchwork und zweite Familien, 2020-04-26","https://stiefmutterblog.com/forums/Antwort/418787/","@lili die frage ob mein partner einverstanden ist stellt sich doch gar nicht. es gab die variante “ beziehung retten über zwei wohnungen“ oder Trennung und zwei wohnungen. wir haben uns für variate eins entschieden und hoffen das wir es hinbekommen. ausgang ist offen aber dann wohnen wir schon getrennt und müssen dann nicht in stress alles auseinanderziehen. ich sehe das für beide varianten positiv."
"2624","2018-01-12","internetbasiert","1.9 TDI Turbolader Garrett - 701854-5004S, Seat und VW, 701854-5005S. Turbolader-24.de, 2018-01-12","https://www.turbolader-24.de/de/seat/102-701854-5005s-seat-vw-afn-ahu-ale-alh-asv-turbolader-garrett.html","- 1.9 TDI 09.96-01.04 66 90 VW - POLO CLASSIC (6KV2) - 90 1.9 TDI 09.96-09.01 66 90 VW - POLO CLASSIC (6KV2) - 110 1.9 TDI 06.98-09.01 81 110 VW - POLO Variant (6KV5) - 1.9 TDI 05.97-09.01 66 90 VW - POLO Variant (6KV5) - 1.9 TDI 06.98-09.01 81 110"
"2625","2018-05-31","internetbasiert","VW Golf Variant: Zuverlässigkeit und Erfolg seit 1993. Auto-Kombi, 2018-05-31","https://www.kombi.de/vw-golf-variant/","Golf V Variant (2007 bis 2009)"
"2626","2020-02-28","internetbasiert","meine-wiking-welt - Golf III Variant. meine-wiking-welt.eu, 2020-02-28","https://www.meine-wiking-welt.eu/pkw/volkswagen/golf-iii-variant/","VW Golf Variant 054 W 1995 stahlblau, IE mit separiertem Lenkrad schwarz, Innenspiegel Teil der Verglasung, plastische Scheibenwischer + Heckwischer, 2 Außenspiegel in Wagenfarbe, Frontscheinwerfer klartransparent + Rückleuchten rottransparent eingesetzt, Grill schwarz mit VW-Emblem silbern, Räder zweiteilig VW Alufelgen durchbrochen mit aufgezogenen Reifen, Bodenplatte schwarz, Bodenprägung modernes Wiking-Logo + ""Germany""."
"2627","2020-08-03","internetbasiert","Variant 3321 TB | 414x210cm - 3,5t | Tridem Dreiseitenkipper Anhänger - Blattfederung - Bordwandaufsatz. PKW-Anhänger kaufen bei P+P Anhängercenter | Wohnmobil Vermietung & Anhängervermietung, 2020-08-03","http://www.ppanhaengercenter.com/store/p788/Variant-3321-TB-414-x-210-cm.html","Variant 3321 TB | 414x210cm - 3,5t | Tridem Dreiseitenkipper Anhänger - Blattfederung - Bordwandaufsatz"
"2628","2020-01-01","internetbasiert","21-300. isover.ch, 2020-01-01","https://www.isover.ch/de/solutions/21-300","Description Unité 1 Unité 2 Variant 1 Variant 2 Variant 3 Variant 4 Variant 5 Variant 6 PB F 030 d [mm] 60 60 80 100 120 140 PB F 030 d [mm] 60 80 100 100 120 140 Wärmeschutz im Winter und Sommer * * ** ** *** *** Wärmedurchgangskoeffizient:"
"2629","2020-01-01","internetbasiert","Rux Variant Modulgerüst - gebraucht zum Bestpreis kaufen. Cetrac Gmbh - Gerüste & Schalungen, 2020-01-01","https://www.geruest.com/rux-variant/","Sie können derart vielseitig eingesetzt werden, dass für verschiedene Baumaßnahmen nicht mehr zig verschiedene Gerüste erforderlich werden – ein Rux Variant Modulgerüst reicht völlig aus."
"2630","2019-05-02","internetbasiert","Hyundai gibt Preise für Ioniq Hybrid & Plug-in-Hybrid des Modelljahrgangs 2020 bekannt. ecomento.de, 2019-05-02","https://ecomento.de/2019/05/02/hyundai-preise-ioniq-hybrid-plug-in-hybrid-2020/","hi, warum findest du die hybrid varianten unintressant?"
"2631","2020-09-26","internetbasiert","Corona von A – Z , das unkorrekte und etwas zynische Sachverzeichnis zur „Krise“. Conservo, 2020-09-26","https://conservo.wordpress.com/2020/09/26/corona-von-a-z-das-unkorrekte-und-etwas-zynische-sachverzeichnis-zur-krise/","A special variant of a Corona-Zombie is a Karen."
"2632","2020-07-30","internetbasiert","Volkswagen Passat Variant 2,0 TDI BM Highline - KFZ Brüning. KFZ Brüning, 2020-07-30","https://www.bruening-kfz.de/fahrzeuge/volkswagen-passat-variant-20-tdi-bm-highline/","Gesamtlaufleistung 100.000 km Dachreling silber eloxiert Einparkhilfe vorn und hinten Rückleuchten in LED-Technik Fernentriegelung für Gepäckraumklappe Variant Frontscheibe in Wärmeschutzglas Netztrennwand Multifunktions-Lederlenkrad Top-Komfortsitze vorn Lendenwirbelstützen vorn Rücksitzbank ungeteilt Lehne asymmetrisch umklappbar Elektron."
"2633","2019-06-22","internetbasiert","Blaupunkt VW Seriennummer VWZ1Z3 - Blaupunkt Radio Code. radiocode.de, 2019-06-22","https://radiocode.de/volkswagen-vw---radio-code/index.html","VW Up Polo Golf Beetle Jetta Passat CC Phaeton Variant Scirocco EOS Tiguan Touareg Touran Caddy Multivan Amorak California Radio Code hejt hier schnell ohne Probleme anfordern."
"2634","2020-07-26","internetbasiert","Tapferer Vogel beißt sich alleine durch. SG Rochade Kuppenheim, 2020-07-26","http://www.rochade-kuppenheim.de/tapferer-vogel-beisst-sich-alleine-durch/","Eine Variante dazu: Ld1 53.Kh4 Le2 54.Kg5 Ta1 55.Df7+ Kh8 56.Df2 Lxd3 57.Kg6 Lxe4+ 58.Kf7 Th1 59.Df6+ Kh7 60.Dg7 matt."
"2635","2020-02-18","internetbasiert","Testbericht: Einen Monat lang nur yFood als Mittagessen - Sascha-Feth.de. Sascha-Feth.de, 2020-02-18","https://sascha-feth.de/testbericht-einen-monat-lang-nur-yfood-als-mittagessen/","Ich bin gelernter Koch und beschäftige mich jetzt schon seit einiger zeit mit yFood und alternativen auch selbst hergestellt varianten."
"2636","2018-08-12","internetbasiert","3D Druck - Nanoleaf Mounts. 3d-loewe.de, 2018-08-12","https://www.3d-loewe.de/p/nanoleaf-mounts","Variante 3: nanoleafmount3"
"2637","2019-06-24","internetbasiert","ML/IoT Con, WebAssembly & JavaScript – Unsere Top-Themen der Woche. 0800hardware.de, 2019-06-24","http://0800hardware.de/ml-iot-con-webassembly-javascript-unsere-top-themen-der-woche/","The ease of use of a Nano board with the addition of secure IoT and BT connectivity Small (45mm x 18mm), robust and powerful board; 3.3V variant of the Nano family."
"2638","2020-01-01","internetbasiert","Testberichte 1969. vw-411.de, 2020-01-01","http://vw-411.de/Testberichte-1969/","VW 411 E Variant"
"2639","2020-08-03","internetbasiert","Variant 3500 U5 | 520x210cm - 3,5t | Kippbarer Multitransporter - Hochlader Anhänger. PKW-Anhänger kaufen bei P+P Anhängercenter | Wohnmobil Vermietung & Anhängervermietung, 2020-08-03","http://www.ppanhaengercenter.com/store/p612/Variant-3500U5-Kippbarer-Hochlader-Anhaenger.html","Variant"
"2640","2020-01-01","internetbasiert","21-600. isover.ch, 2020-01-01","https://www.isover.ch/de/solutions/21-600","Description Unité 1 Unité 2 Variant 1 Variant 2 Variant 3 Variant 4 Variant 5 Variant 6 Kassettenbreite b [mm] 333 333 333 333 333 333 CLADISOL 032 d [mm] 80 100 120 80 100 120 PB F 030 d [mm] 80 80 80 100 100 100 Wärmeschutz im Winter und Sommer * * * * * * Wärmedurchgangskoeffizient:"
"2641","2018-07-21","internetbasiert","Siemens und Alibaba bündeln IoT-Ressourcen in China. 0800hardware.de, 2018-07-21","http://0800hardware.de/siemens-und-alibaba-buendeln-iot-ressourcen-in-china/","The ease of use of a Nano board with the addition of secure IoT and BT connectivity Small (45mm x 18mm), robust and powerful board; 3.3V variant of the Nano family."
"2642","2020-07-12","internetbasiert","Bildergalerie. abenteuerdachzelt.de, 2020-07-12","https://abenteuerdachzelt.de/bildergalerie/","Airpass 160 auf Anhäger montiert Defender mit Airpass Airpass MX Long Inter Trade Nimis Variant XL Variant MX Long Variant L Variant MX Long Variant MX Long Variant MX Long Variant MX Long Variant MX Long Variant XL Variant XL Variant XL Variant XL , da würde auch noch ein viertes Kind reinpassen BMW 7er mit Varinat XL BMW 7er mit Varinat XL BMW 7er mit Varinat XL BMW 7er mit Varinat XL"
"2643","2018-04-01","internetbasiert","Restposten. creativ-hafner.at, 2018-04-01","http://www.creativ-hafner.at/restposten/","[...]color=”#000000″ btn_bg_hover_color=”#606060″ modal_on_align=”left” btn_text=”JETZT ANFRAGEN” modal_size=”medium” modal_style=”overlay-fade” overlay_bg_opacity=”80″ content_bg_color=”#f2f2f2″ header_bg_color=”#000000″ img_size=”80″ header_text_color=”#ffffff” content_text_color=”#000000″ btn_txt_color=”#ffffff” header_font=”font_family:Montserrat|font_call:Montserrat|variant:200″ header_font_style=”font-weight:200;” header_font_size=”desktop:26px;” content_font=”font_family:Montserrat|font_call:Montserrat|variant:200″ content_font_style=”font-weight:200;” content_font_size=”desktop:16px;”] [...]"
"2644","2019-05-14","internetbasiert","Verizon extends IoT leadership position, launching its Narrowband IoT Network nationwide, offering more choices, multiple use cases for IoT customers. 0800hardware.de, 2019-05-14","http://0800hardware.de/verizon-extends-iot-leadership-position-launching-its-narrowband-iot-network-nationwide-offering-more-choices-multiple-use-cases-for-iot-customers/","The ease of use of a Nano board with the addition of secure IoT and BT connectivity Small (45mm x 18mm), robust and powerful board; 3.3V variant of the Nano family."
"2645","2020-12-01","internetbasiert","WLADIMIR KLITSCHKO. Galerie Roschlaub GmbH, 2020-12-01","https://galerie-roschlaub.com/products/wladimir-klitschko","[...]/s\/files\/1\/0515\/1807\/9168\/products\/Wladimir_Klitschko_1170x1170_3f3f6f72-ee9f-469e-a782-14617df9fe72.jpg?v=1606848621"",""width"":936}],""requires_selling_plan"":false,""selling_plan_groups"":[],""content"":""\u003cmeta charset=\""utf-8\""\u003e\n\u003cp data-mce-fragment=\""1\""\u003egerahmt\u003c\/p\u003e\n\u003cp data-mce-fragment=\""1\""\u003eLimitierte Auflage (10), signiert\u003c\/p\u003e""};GRFQCollection[6094112686272]['collection'] = [];GRFQCollection[6094112686272][""collection""].push('237329547456'); Variante auswählen gerahmt Limitierte Auflage (10), signiertLesen Sie mehr gerahmt Limitierte Auflage (10), signiert Teilen [...]"
"2646","2020-01-01","internetbasiert","Der Passat Variant: So souverän wie Sie. heisel.de, 2020-01-01","https://www.heisel.de/der-neue-passat-variant-so-souveraen-wie-sie/","Mit dem R-Line Interieur verleihen Sie dem Innenraum Ihres Passat Variant noch mehr Dynamik: Eindrucksvolle Designelemente sorgen für einen sportlich markanten Look, der auf den ersten Blick überzeugt und ein hochwertiges Ambiente zur Schau stellt."
"2647","2020-01-01","internetbasiert","Vezeko Abroll-Alupritsche 70|251x177x70cm für KONOS|Hakengerät. Koch Anhängerwerke, 2020-01-01","https://www.kochanhaengerwerke.de/baumaschinen/multikipper/vezeko-abroll-alupritsche-70-251x177x70cm-fuer-konos-hakengeraet","Variant Hochlader Anhänger 3521 P5 | 205x515cm 3,5t | Pro-Line"
"2648","2018-06-30","internetbasiert","Wie kommen ‚wir‘ zu einer ‚transformativen‘ Strategie?. Schöner Scheitern, 2018-06-30","https://systemcrash.wordpress.com/2018/06/30/wie-kommen-wir-zu-einer-transformativen-strategie/","[...] das wäre im prinzip eine variante der verelendungstheorien, die wir eigentlich schon für untauglich erklärt hatten. allerdings stimmt es auch, dass, so lange leute denken oder glauben, sie haben vlt doch noch was zu verlieren (nicht nur ihre ketten), eher zu politischen kompromissen bereit sein werden als solche, die tatsächlich nur noch ‚was zu gewinnen‘ haben. aber an der tatsache, dass der ‚westliche lebensstandard‘ nun mal höher ist als in afrika oder asien können wir vorderhand nichts ändern. trotzdem bleibt die notwendigkeit, sowohl ‚revolutionäre theorie(n)‘ als auch ‚revolutionäre organisation(en)‘ zu entwickeln, unter bedingungen, die diese möglichkeit eigentlich gar nicht zulassen. wie ist dieses dilemma zu lösen? [...]"
"2649","2018-06-28","internetbasiert","Neue IoT Identity Plattform von GlobalSigns. 0800hardware.de, 2018-06-28","http://0800hardware.de/neue-iot-identity-plattform-von-globalsigns/","The ease of use of a Nano board with the addition of secure IoT and BT connectivity Small (45mm x 18mm), robust and powerful board; 3.3V variant of the Nano family."
"2650","2020-07-17","internetbasiert","Reparatur. 56 LED's an 230V.... Hilfe bei berechnung...... Ersatzteilversand, 2020-07-17","https://forum.electronicwerkstatt.de/phpBB/LED_und_Leuchtdioden/56_led_s_an_230v_hilfe_bei_berechnung-t92833f47_bs0.html","Aber noch eine Frage zur Kondensator variante..."
"2651","2019-01-18","internetbasiert","Youtuber Ubi testet: VW Golf Variant 1.5 TSI Bluemotion | Der clevere Golf – Review, Kaufberatung, Test. Youtuber Ubi testet: VW Golf Variant 1.5 TSI Bluemotion | Der clevere Golf – Review, Kaufberatung, Test, 2019-01-18","https://ausfahrt.tv/youtuber-ubi-testet-vw-golf-variant-1-5-tsi-bluemotion-der-clevere-golf-review-kaufberatung-test/","Nachstehend findest Du den Videobeschreibungstext des Videos „VW Golf Variant 1.5 TSI Bluemotion | Der clevere Golf – Review, Kaufberatung, Test“ von „Ubi testet“:"
"2652","2018-08-28","internetbasiert","IoT – Internet der Dinge oder Internet of Things. 0800hardware.de, 2018-08-28","http://0800hardware.de/iot-internet-der-dinge-oder-internet-of-things/","Small (45mm x 18mm), robust and powerful board; 3.3V variant of the Nano family."
"2653","2018-02-28","internetbasiert","Wie viele Kalorien hat ein Döner?. Figurbetont, 2018-02-28","https://www.figurbetont.com/wie-viele-kalorien-hat-ein-doener/","Deshalb kann ich mich nur anschließen und die LOW Carb variante empfehlen."
"2654","2020-02-13","internetbasiert","VW Golf 6 Variant - Car Media. Car Media, 2020-02-13","https://www.carmedia.de/marken/vw-golf-6-variant/","Da in vielen werksseitig verbauten Multimediasystemen/Radios keine Bluetooth-Freisprecheinrichtung verbaut ist, haben wir in diesem VW Golf Variant eine externe Freisprecheinrichtung (FSE) integriert."
"2655","2020-01-01","internetbasiert","Vezeko Gitter-Aufsatz 100cm für KONOS 251x177|Hakengerät. Koch Anhängerwerke, 2020-01-01","https://www.kochanhaengerwerke.de/baumaschinen/multikipper/vezeko-gitter-aufsatz-100cm-fuer-konos-251x177-hakengeraet","Variant Heckkipper Variant 168x320cm 2,7t | E-Pumpe | Rampen | Gitter | Aktion"
"2656","2018-07-23","internetbasiert","Mit Intent-based Networking IoT-Management verbessern. 0800hardware.de, 2018-07-23","http://0800hardware.de/mit-intent-based-networking-iot-management-verbessern/","Small (45mm x 18mm), robust and powerful board; 3.3V variant of the Nano family."
"2657","2019-10-29","internetbasiert","VARIANT 1159.HK von HVO Massivhaus | Fertighaus.de. Fertighaus.de, 2019-10-29","https://www.fertighaus.de/haeuser/hvo_variant1159hk/","VARIANT 1159.HK"
"2658","2019-01-21","internetbasiert","E-Auto-Ausblick 2019 - Sonnenseite - Ökologische Kommunikation mit Franz Alt. Sonnenseite, 2019-01-21","https://www.sonnenseite.com/de/mobilitaet/e-auto-ausblick-2019/","Ob es sich dabei um eine eigenständige Karosserie-Variante wie bei Golf und Golf Variant handelt, oder ob der ZOE II nur innerlich an die Bedürfnisse von Handwerkern und Lieferdiensten angepasst wurde, ist noch unklar."
"2659","2019-10-02","internetbasiert","Nur fliegen ist schöner?. sandmanns-welt.de, 2019-10-02","http://www.sandmanns-welt.de/nur-fliegen-ist-schoener/","Passat B4 Variant von Schwiegervater holen und ebenfalls mit frischem TÜV versehen."
"2660","2020-08-03","internetbasiert","Variant 3519 TB | 361x185cm - 3,5t | Dreiseitenkipper Anhänger mit Blattfederung & Stahlgitteraufsatz. PKW-Anhänger kaufen bei P+P Anhängercenter | Wohnmobil Vermietung & Anhängervermietung, 2020-08-03","http://www.ppanhaengercenter.com/store/p796/Variant-3519-TB-Dreiseitenkipper-Stahlgitteraufsatz.html","Variant 3519 TB | 361x185cm - 3,5t | Dreiseitenkipper Anhänger - Blattfederung mit Stahlgitteraufsatz"
"2661","2018-02-13","internetbasiert","ONEBLADE GENESIS Razor. soulobjects.de, 2018-02-13","https://soulobjects.de/products/oneblade-genesis-razor","This variant is currently sold out."
"2662","2020-12-26","internetbasiert","Neukunden gewinnen - Kundengewinnung strukturiert Vorgehen. BXB Management, 2020-12-26","https://www.bxb-management.de/neukunden-gewinnen/","Er hat sich vielleicht mit den Möglichkeiten Ihrer Leistungen oder varianten von Lösungen überhaupt noch nicht beschäftigt."
"2663","2020-10-05","internetbasiert","Bodenarbeitsseil Dünn - Prices from 51.60 to 58.75. Bataliru, 2020-10-05","https://bataliru.de/products/bodenarbeitsseil-dunn-prices-from-51-60-to-58-75","[...] Dünn - Prices from 51.60 to 58.75 Normaler Preis €51,60 Sonderpreis €51,60 Angebot inkl. MwSt. zzgl. Versandkosten Title Variant for price 51.6 Variant for price 52 Variant for price 52.1 Variant for price 52.2 Variant for price 52.45 Variant for price 52.55 Variant for price 52.65 Variant for price 53.05 Variant for price 53.15 Variant for price 53.25 Variant for price 53.5 Variant for price 53.6 Variant for price 53.7 Variant for price 54.1 Variant for price 54.2 Variant for price 54.55 Variant for price 54.65 Variant for price 54.75 Variant for price 55.15 Variant for price 55.25 Variant for price 55.6 Variant for price 55.7 Variant for price 56.2 Variant for price 56.65 Variant for price 56.75 Variant for price 57.25 Variant for price 57.7 Variant for price 58.75 Variant for price 51.6 Variant for price 52 Variant for price 52.1 Variant for price 52.2 Variant for price 52.45 Variant for price 52.55 Variant for price 52.65 Variant for price 53.05 Variant for price 53.15 Variant for price 53.25 Variant for price 53.5 Variant for price 53.6 Variant for price 53.7 Variant for price 54.1 Variant for price 54.2 Variant for price 54.55 Variant for price 54.65 Variant [...]"
"2664","2018-04-10","internetbasiert","Dritte Zähne - Zahnersatz bei Senioren - Was ist zu beachten?. Zahnarzt Dinkelsbühl, 2018-04-10","https://xn--zahnarzt-dinkelsbhl-mbc.de/dritte-zaehne-zahnersatz-bei-senioren/","Unterfütterung röntgenaufnahme haftcreme oder nicht variante dentalpark herausnehmbar und auch oder oder."
"2665","2020-10-22","internetbasiert","LINDA HALLBERG - MY BEAUTY LIGHT. MY BEAUTY LIGHT, 2020-10-22","https://my-beauty-light.de/ritterschlag-von-make-up-pro-linda-hallberg","„Let’s start with the simplest variant “To go” basic edition, it’s a bright fluorescent lamp with attached suction plugs so you can put it on any mirror."
"2666","2019-01-22","internetbasiert","DGAP-News: Francotyp-Postalia Holding AG: Nächste strategische Investition in den Zukunftsmarkt IoT: FP steigt bei Smart Data-Startup Juconn ein. 0800hardware.de, 2019-01-22","http://0800hardware.de/dgap-news-francotyp-postalia-holding-ag-naechste-strategische-investition-in-den-zukunftsmarkt-iot-fp-steigt-bei-smart-data-startup-juconn-ein/","Small (45mm x 18mm), robust and powerful board; 3.3V variant of the Nano family."
"2667","2020-09-01","internetbasiert","balkoFLOOR® der aluminium bodenbelag, der mehr kann. sandmeir-bausysteme.de, 2020-09-01","https://www.sandmeir-bausysteme.de/balkofloor/","balkoFLOOR® die varianten des aluminium bodenbelags"
"2668","2019-08-20","internetbasiert","Arrow vertreibt IoT-Lösungen von Teltonika in EMEA. 0800hardware.de, 2019-08-20","http://0800hardware.de/arrow-vertreibt-iot-loesungen-von-teltonika-in-emea/","Small (45mm x 18mm), robust and powerful board; 3.3V variant of the Nano family."
"2669","2020-05-01","internetbasiert","Tuning-deal Frontspoiler passend für VW Passat 3C für Variante und Limousine. Tuning-deal.de, 2020-05-01","https://tuning-deal.de/shop/tuning-deal-spoiler-passend-fuer-vw-passat-3c-frontspoiler-tuning-optik-passend-fuer-variante-und-limousine/","passend auf Passat 3C Variant und die Limousine Neu, ungrundiert und unlackiert hergestellt aus hochwertigem Gfk (Glasfaserverbundstoff) erstklassige Oberflächenstruktur die eine günstige Lackierung ermöglicht wird gegen den Serien-St"
"2670","2020-02-12","internetbasiert","Trittschalter/Footswitch/interrupteur à pied + LED dim - FRAUMAIER.COM. FRAUMAIER.COM, 2020-02-12","https://www.fraumaier.com/produkt/trittschalter-footswitch-interrupteur-a-pied-led-dim/","Scene Switch est une variation d’intensité via l’interrupteur en commutant plusieurs fois de suite sur 3 niveaux : la pleine luminosité, une variante cozy, c’est-à-dire confortable, et un réglage candlelight, qui convient aussi bien comme veilleuse."
"2671","2020-11-14","internetbasiert","Behörden- und Kommunalfahrzeuge. mf-modellbau.eu, 2020-11-14","http://www.mf-modellbau.eu/contents/de/d37.html","VW Golf 7 Variant"
"2672","2018-05-31","internetbasiert","VW Golf Variant: Zuverlässigkeit und Erfolg seit 1993. Auto-Kombi, 2018-05-31","https://www.kombi.de/vw-golf-variant/","Mehr Platz und Varianten bietet der in gleich sechzehn verschiedenen Ausstattungsversionen erhältliche VW Passat Variant."
"2673","2020-02-10","internetbasiert","Relingträger, Dachträger | Ocean-Cross. Ocean-Cross, 2020-02-10","https://ocean-cross.de/produkt/relingtraeger-dachtraeger/","[...] Tourer 01> ROVER Montego Break 84>99 SAAB 9-3 SportKombi 05> SAAB 9-3 Station Wagon 09> SAAB 9-3 X 09> SAAB 9-4 X 11> SKODA Favorit Station Wagon 93> SKODA Felicia Station Wagon 96> SKODA Octavia II Station Wagon 04>12 SKODA Octavia III Station Wagon 13> SKODA Octavia Scout 07>13 SKODA Praktik 07> SSANGYONG Rexton 02>06 SUBARU Legacy Station Wagon 89>05 SUZUKI Vitara 88>02 TOYOTA Avensis Station Wagon 98>08 TOYOTA Avensis Verso 01>06 TOYOTA Camry Estate 92>96 TOYOTA Carina E Wagon 82> TOYOTA Picnic 97>00 TOYOTA Previa 00> VOLKSWAGEN Bora Variant 99>05 VOLKSWAGEN Golf III Variant 94>98 VOLKSWAGEN Golf IV Variant 99>07 VOLKSWAGEN Passat V Variant 11>14 VOLKSWAGEN Passat Variant 06>10 VOLKSWAGEN Passat Variant 83>96 VOLKSWAGEN Passat Variant 97>05 VOLKSWAGEN Polo Fun 03> VOLKSWAGEN Polo Variant 88> VOLVO 200 74>94 VOLVO 700 Station Wagon 84>92 VOLVO V40 96>04 VOLVO V50 04> Volvo XC90 06> Stand: Januar 2015 Liste ohne Gewähr [...]"
"2674","2019-04-30","internetbasiert","“Viele Firmen wissen gar nicht, was mit IoT möglich ist”. 0800hardware.de, 2019-04-30","http://0800hardware.de/viele-firmen-wissen-gar-nicht-was-mit-iot-moeglich-ist/","The ease of use of a Nano board with the addition of secure IoT and BT connectivity Small (45mm x 18mm), robust and powerful board; 3.3V variant of the Nano family."
"2675","2020-01-01","internetbasiert","VW Passat Variant: Vereint Innovation & Komfort. Volkswagen Österreich, 2020-01-01","https://www.volkswagen.at/service-zubehoer/vorgaengermodelle/passat-variant","Der Passat Variant - so souverän wie Sie."
"2676","2020-06-08","internetbasiert","New York City Pass Vergleich 2020 ? Welcher NYC Pass lohnt sich?. USA-Info.net, 2020-06-08","https://www.usa-info.net/staedte-usa/new-york-city/new-york-city-pass-vergleich/","Explorer Pass New York/ Go New York (und Variante: Explorer Pass individual)"
"2677","2020-08-01","internetbasiert","Microsoft Project Standard 2019. Lizenz2Go, 2020-08-01","https://lizenz2go.ch/products/microsoft-project-standard-2019","Spezifikationen Lizenz Lizenztyp Vollversion Lizenzdauer Perpetual Lizenzform ESD Anzahl Geräte 1x Sprache Multilingual Software Hersteller Microsoft Produktfamilie Project Produktserie Standard Herst.-Nr. {{ variant.sku }} Systemanforderungen Betriebssystem Windows 10 Windows Server 2019 Festplattenspeicher 4 GB Arbeitsspeicher (RAM) 2 GB (32 Bit), 4 GB (64 Bit)"
"2678","2019-04-02","internetbasiert","Sammel-Stützpunkt rot oder schwarz. CAR ELECTRIC, 2019-04-02","https://camperelektrik.de/products/sammel-stutzpunkt-klein-6-3mm-gewinde-rot","[...] VIEW CART Add to Cart Continue Option1 Option2 Option3 Add to Cart Option1 Option2 Option3 Add to Cart Option1 Option2 Option3 Add to Cart Option1 Option2 Option3 Add to Cart Option1 Option2 Option3 Add to Cart Option1 Option2 Option3 Add to Cart Variant 1 Variant 2 Variant 3 Direkt zum Inhalt Suchen Einloggen Konto erstellen Einkaufswagen ( 0 ) Zur Kasse ELEKTRIK STECKBAR EINFACH Menü Autarkiepakete Selbstausbauer + Übersicht Batterien Ladebooster Solar + Komplettsets Komponenten 230V + 230V Landstrom 230V Autark 12V/24V Kabelsätze Verbraucher + Beleuchtung Wasser Standheizung & Boiler Steckdosen & USB-Dosen Aktion Beratung + Ratgeber + Basiscamper Adventure Explorer Beratung buchen Messen Einloggen Konto erstellen Facebook Instagram YouTube Startseite › Sammel-Stützpunkt rot oder schwarz Sammel-Stützpunkt rot oder schwarz Normaler Preis €5,70 inkl. MwSt. zzgl. Versandkosten Schwarz - €5,70 EUR Rot - €5,70 EUR In den Einkaufswagen legen Dieses Produkt beinhaltet lediglich einen Sammelstützpunkt. [...]"
"2679","2020-01-01","internetbasiert","World of Blond. world-of-blond.de, 2020-01-01","https://www.world-of-blond.de","[...] Nach Relevanz Nach Preis (aufsteigend) Nach Preis (absteigend) -55% Haarfarbe Blondme Bleach & Tone 18,24€ €8,25 / 60ml € 137,50 / 1l MERKEN VARIANTE Haarfarbe Blondme Blonde Lifting €19,50 / 60ml € 325,00 / 1l MERKEN VARIANTE Tönung Blondme Blonde Toning €19,50 / 60ml € 325,00 / 1l MERKEN VARIANTE Haarfarbe Blondme White Blending €19,50 / 60ml € 325,00 / 1l MERKEN VARIANTE Haarfarbe BlondMe Hi-Lighting €19,50 / 60ml € 325,00 / 1l MERKEN VARIANTE -12% Haarfarbe Raliss Hair Color 3,95€ €3,49 / 60ml € 58,17 / 1l MERKEN VARIANTE -60% Tönung Igora Vibrance 17,37€ €6,99 / 60ml € 116,50 / 1l MERKEN VARIANTE -61% Blondierpulver Blondme Bond Enforcing Premium Lightener 9+ 67,11€ €25,96 / 450g € 57,69 / 1kg MERKEN WARENKORB -45% Maske Raliss Reconstructive Hair Mask 15,95€ €8,85 / 500ml € 17,70 / 1l MERKEN WARENKORB -49% Conditioner Raliss Revitalizing Hair Conditioner 16,70€ €8,55 / 500ml € 17,10 / 1l MERKEN WARENKORB -34% Farbentferner Raliss Hair Color Clean 7,60€ €4,99 / [...]"
"2680","2020-01-01","internetbasiert","Einzelfertigung. RMM Metallbearbeitung GmbH, 2020-01-01","https://www.rmm-metallbearbeitung.de/know-how/einzelfertigung/","[...]“#ffffff“ btn1_text_color=“#ffffff“ btn1_text_hovercolor=“#333333″ btn2_text_color=“#ffffff“ btn2_text_hovercolor=“#333333″ title_font_size=“desktop:18px;“ title_line_ht=“desktop:28px;“ btn_border_radius=“2″ btn1_heading_style=“font-weight:700;“ btn2_heading_style=“font-weight:700;“ css_dualbtn_design=“.vc_custom_1581678130098{margin-top: 0px !important;margin-bottom: 0px !important;padding-top: 0px !important;padding-bottom: 0px !important;}“ btn_width=“250″ btn1_font_family=“font_family:Roboto|font_call:Roboto|variant:700″ btn2_font_family=“font_family:Roboto|font_call:Roboto|variant:700″][/vc_column][/vc_row][vc_row equal_height=“yes“ bg_type=“bg_color“ bg_override=“full“ css=“.vc_custom_1572950423405{border-top-width: 50px !important;padding-bottom: 50px !important;}“][vc_column][vc_column_text css=“.vc_custom_1581677490237{margin-top: 30px !important;}“]Mehr als 1.000 m2 Produktionsfläche mit modernstem Maschinenpark und 20 qualifizierten Fachkräften machen uns somit zu einem produktiven und zuverlässigen Partner. [...]"
"2681","2018-04-18","internetbasiert","Techies und Stylonauten – AV und IoT beim Salone del Mobile. 0800hardware.de, 2018-04-18","http://0800hardware.de/techies-und-stylonauten-av-und-iot-beim-salone-del-mobile/","The ease of use of a Nano board with the addition of secure IoT and BT connectivity Small (45mm x 18mm), robust and powerful board; 3.3V variant of the Nano family."
"2682","2018-03-14","internetbasiert","Grippe – Basics. Frag den Professor © 2023, 2018-03-14","https://www.frag-den-professor.de/experten/grippe-basics/","High genotypic diversity and a novel variant of human cytomegalovirus revealed by combined UL33 / UL56 genotyping with broad-range PCR."
"2683","2019-03-24","internetbasiert","Programmier Tutorial: Apps für Android entwickeln – Teil 14: Mit Debugging Programmfehler im Quellcode finden. Mit Debugging Programmfehler im Quellcode finden in Android Studio, 2019-03-24","https://www.programmierenlernenhq.de/tutorial-android-debugging-mit-android-studio/","Da, wie in der oberen Abbildung zu sehen, als Build Variant der Eintrag debug ausgewählt wurde, wird unsere Android App im Debug-Modus ausgeführt."
"2684","2020-08-20","internetbasiert","Breast cancer: New way for tumor cells to escape self-destruction. Swiss National Center of Competence in Research RNA & Disease, 2020-08-20","https://nccr-rna-and-disease.ch/news/articles/breast-cancer-new-way-for-tumor-cells-to-escape-self-destruction","Mihaela Zavolan at the Biozentrum, University of Basel, reports how a certain protein variant thwarts the self-destruction and thus promotes the growth of breast cancer cells."
"2685","2018-10-09","internetbasiert","One Pot Mac and Cheese Rezept - Applethree - Food | Travel | Life. Applethree - Food | Travel | Life, 2018-10-09","https://applethree.de/one-pot-mac-and-cheese-rezept/","Das ist ja wirklich eine supercremige Variant, da hat sich das Recherchieren ja gelohnt :-)."
"2686","2020-01-01","internetbasiert","Unsinn Hochlader Anhänger 204x546cm 3,0t|10Zoll. Koch Anhängerwerke, 2020-01-01","https://www.kochanhaengerwerke.de/hochlader/hochlader-pritsche/unsinn-hochlader-anhaenger-204x546cm-3-0t-10zoll","Variant Hochlader Anhänger 3521 P5 | 205x515cm 3,5t | Pro-Line"
"2687","2020-07-12","internetbasiert","System Bauerntod Seite 2 Ersatzteilversand. forum.electronicwerkstatt.de, 2020-07-12","https://forum.electronicwerkstatt.de/phpBB/Historische_Technik/system_bauerntod-t103051f45_bs15.html","Ich sehe auch nicht ein diese gegen die CEE variante zu tauschen."
"2688","2020-09-21","internetbasiert","Jetzt bestellbar: Der neue VW Golf Variant. Autohaus Stoppanski, 2020-09-21","https://www.stoppanski.de/news/golf-variant-bestellbar/","Als so genanntes Crossover aus dem Golf Variant und der SUV-Welt verfügt der neue Golf Alltrack serienmäßig über permanentem Allradantrieb (4MOTION), erhöhte Bodenfreiheit, eine Allterrain-Optik inklusive spezifischer Stoßfänger und ein individualisiertes Interieur."
"2689","2020-01-01","internetbasiert","Baumspende / Eberesche - Klimanko. Klimanko 2020. All Rights Reserved., 2020-01-01","https://www.klimanko.de/klimashop/baumspende-eberesche/","[...]12] => wpsg_mod_wirecard,[13] => wpsg_mod_si,[14] => wpsg_mod_test,[15] => wpsg_mod_produktartikel,[16] => wpsg_mod_creditcard,[17] => wpsg_mod_targo,[20] => wpsg_mod_autodebit,[30] => wpsg_mod_productindex,[70] => wpsg_mod_auftragsbestaetigung,[85] => wpsg_mod_produktattribute,[90] => wpsg_mod_stock,[95] => wpsg_mod_weight,[96] => wpsg_mod_userpayment,[97] => wpsg_mod_scaleprice,[98] => wpsg_mod_varianten,[101] => wpsg_mod_downloadplus,[105] => wpsg_mod_basketteaser,[120] => wpsg_mod_produktbilder,[125] => wpsg_mod_protectedshops,[130] => wpsg_mod_willcollect,[135] => wpsg_mod_shippingadress,[160] => wpsg_mod_gutschein,[161] => wpsg_mod_voucherproduct,[300] => wpsg_mod_export,[440] => wpsg_mod_statistics,[450] => wpsg_mod_piwik,[500] => wpsg_mod_freeshipping,[599] => wpsg_mod_newsletter,[600] => wpsg_mod_nlsatolo,[601] [...]"
"2690","2020-10-05","internetbasiert","Bodenarbeitsseil Dünn - Prices from 51.60 to 58.75. Bataliru, 2020-10-05","https://bataliru.de/products/bodenarbeitsseil-dunn-prices-from-51-60-to-58-75","[...] Variant for price 56.2 Variant for price 56.65 Variant for price 56.75 Variant for price 57.25 Variant for price 57.7 Variant for price 58.75 Variant for price 51.6 Variant for price 52 Variant for price 52.1 Variant for price 52.2 Variant for price 52.45 Variant for price 52.55 Variant for price 52.65 Variant for price 53.05 Variant for price 53.15 Variant for price 53.25 Variant for price 53.5 Variant for price 53.6 Variant for price 53.7 Variant for price 54.1 Variant for price 54.2 Variant for price 54.55 Variant for price 54.65 Variant for price 54.75 Variant for price 55.15 Variant for price 55.25 Variant for price 55.6 Variant for price 55.7 Variant for price 56.2 Variant for price 56.65 Variant for price 56.75 Variant for price 57.25 Variant for price 57.7 Variant for price 58.75 In den Einkaufswagen legen Teilen Auf Facebook teilen Twittern Auf Twitter twittern Pinnen Auf Pinterest pinnen Teilen Auf Facebook teilen Twittern Auf Twitter twittern Pinnen Auf Pinterest pinnen [...]"
"2691","2019-05-20","internetbasiert","Überblick zu Android Autoradios mit allen wesentlichen Fakten. Android Autoradio im Test, 2019-05-20","https://www.android-autoradio-im-test.de/index.php/2019/05/20/der-ueberblick-zu-android-autoradios-fuer-alle-neueinsteiger/","für deinen Passat Variant 3c habe ich ein leistungsstarkes Radio und ein preisgünstiges Radio anzubieten:"
"2692","2020-05-25","internetbasiert","Passend für die Windkraftindustrie - Zerspanungstechnik.de. Zerspanungstechnik.de, 2020-05-25","https://www.zerspanungstechnik.de/blog/2020/05/25/passend-fuer-die-windkraftindustrie/","Neben AVANT H15 für die Sacklochbearbeitung bietet BASS mit dem VARIANT H einen ebenso standzeitstarken Gewindebohrer für die Durchgangslochbearbeitung, sowie dem DURAMAX H einen Gewindefurcher als spanlose Alternative."
"2693","2020-01-01","internetbasiert","TOM TAILOR DENIM ALLOVER TEE T-Shirt print original variante Herren Bekleidung Rundhals Kurzarm BVD8H91V4. leipzigertaxi.de, 2020-01-01","http://www.leipzigertaxi.de/tom-tailor-denim-allover-tee-t-shirt-print-original-variante-herren-bekleidung-rundhals-kurzarm-bvd8h91v4.html","TOM TAILOR DENIM ALLOVER TEE T-Shirt print original variante Herren Bekleidung Rundhals Kurzarm BVD8H91V4"
"2694","2019-08-14","internetbasiert","Internet of Things: Entscheider rechnen mit großem Einfluss auf das Kerngeschäft / Crisp-Studie “IoT – Make or Buy”. 0800hardware.de, 2019-08-14","http://0800hardware.de/internet-of-things-entscheider-rechnen-mit-grossem-einfluss-auf-das-kerngeschaeft-crisp-studie-iot-make-or-buy/","Small (45mm x 18mm), robust and powerful board; 3.3V variant of the Nano family."
"2695","2020-02-02","internetbasiert","der trick mit dem alternativverhalten und wie man es richtig anwendet -. denktier.at, 2020-02-02","https://www.denktier.at/der-trick-mit-dem-alternativverhalten","(warum das aus logistischen gründen die einfachere variante war, ist wieder eine andere geschichte)."
"2696","2020-01-01","internetbasiert","Der Passat Variant: So souverän wie Sie. heisel.de, 2020-01-01","https://www.heisel.de/der-neue-passat-variant-so-souveraen-wie-sie/","Eines seiner stärksten Argumente: der große Gepäckraum des Passat Variant mit flexiblen Lade- und Befestigungsmöglichkeiten."
"2697","2018-03-01","internetbasiert","Klinische FragestellungMentale Retardierung, hirnorganisch. Amedes Genetics, 2018-03-01","https://www.amedes-genetics.de/krankheiten/krankheit/detail/mentale-retardierung-hirnorganisch.html","Mental retardation, AR 34, with variant lissencephaly (CRADD)"
"2698","2018-12-10","internetbasiert","Seitenlauftor Vertico - Sonnenschutz Quast GmbH & Co.KG. Sonnenschutz Quast GmbH & Co.KG, 2018-12-10","https://www.sonnenschutz-quast.de/produkte/garagentore/seitenlauftor-vertico/","Vertico ist der Variant unter den Garagentoren – passend für fast alle baulichen Gegebenheiten."
"2699","2020-06-24","internetbasiert","GEVATTER DOKUMENTATION - Glücklicher Montag. Glücklicher Montag, 2020-06-24","https://gluecklicher-montag.de/gevatter-dokumentation/","Ingo Römling, bekannt für seine fantastischen Arbeiten an „Malcolm Max“, „Star Wars Rebels“, „Star Wars Resistance“ und „Trollhunters“, hat uns dieses irre Variantcover für unsere „Gevatter“ #2 Variant Edition gezaubert, die ihr JETZT neben der Regular Edition in unserem Shop bestellen könnt: www.gluecklicher-montag-shop.de"
"2700","2020-01-01","internetbasiert","Matador MPS 400 Variant All Weather 2 215/65 R16 109 T. Autoreifenfinder, 2020-01-01","https://www.autoreifenfinder.ch/matador/mps-400-variant-all-weather-2/215-65-r16-109t-132148/","Matador MPS 400 Variant All Weather 2 215/65 R16 109 T"
"2701","2019-03-27","internetbasiert","Mobilfunk und IoT: 5G wird gefeiert – allerdings etwas vorschnell. 0800hardware.de, 2019-03-27","http://0800hardware.de/mobilfunk-und-iot-5g-wird-gefeiert-allerdings-etwas-vorschnell/","Small (45mm x 18mm), robust and powerful board; 3.3V variant of the Nano family."
"2702","2020-11-06","internetbasiert","Poolheizungen | Pools & Bikes Lavanttal. Pools & Bikes Lavanttal GmbH, 2020-11-06","https://www.pools-bikes.at/poolheizungen/","Wir bieten Ihnen verschiedenste varianten von Wärmepumpen & Wärmetauschern, die noch energieeffizienter und noch leiser sind!"
"2703","2018-03-19","internetbasiert","MädelsOnly.... hummelellli.blogspot.com, 2018-03-19","https://hummelellli.blogspot.com/2018/03/madelsonly.html","während wir dann fröhlich sitzend die häkelhaken schwingen, backt im ofen die nächste leckerei: ein stromboli (gefülltes brot). beim knusperstübchen habe ich ihn gesehen und in anderen varianten auch schon gebacken. dieser hier ist mit spinat, mozzarella, tomaten und und und gefüllt..."
"2704","2020-12-17","internetbasiert","Keine Impfexperimente in NRW. Schariagegner, 2020-12-17","https://schariagegner.wordpress.com/2020/12/17/keine-impfexperimente-in-nrw/","Er zijn geen tekenen die erop wijzen dat de nieuwe variant van het virus dodelijker is."
"2705","2018-07-10","internetbasiert","Gästebuch – Kfz-Meisterbetrieb Seifert. Kfz-Meisterbetrieb Seifert, 2018-07-10","https://www.kfz-meisterbetrieb-seifert.de/gaestebuch/","Kann wieder nur sagen….EINZIGARTIG !!!!! Waren nun zum dritten mal mit unserem Passat Variant zur Inspektion da und kommen gerne wieder."
"2706","2019-10-28","internetbasiert","TAT0198 - So schnürst du Budgets für deine Online Kampagnen | TheAngryTeddy.com - Social Media & Online Marketing. TheAngryTeddy.com - Social Media & Online Marketing, 2019-10-28","https://theangryteddy.com/tat0198-so-schnuerst-du-budgets-fuer-deine-online-kampagnen/","Und jetzt gibt’s da verschiedene möglichkeiten sich an das ganze heran zu tasten eine variante die mal eine sehr verkürzte variante ist wo man aber mal so den ersten."
"2707","2020-01-01","internetbasiert","Ifor Williams Baumaschinenanhänger GX105 157x303 2,7t|Auffahrschienen. Koch Anhängerwerke, 2020-01-01","https://www.kochanhaengerwerke.de/angebote/ifor-williams-baumaschinenanhaenger-gx105-157x303-2-7t-auffahrschienen","Variant Hochlader Anhänger P3 3018 Comfort | 175x315cm 3,0t"
"2708","2020-06-15","internetbasiert","Bett ""Trapani"". betten.de, 2020-06-15","https://www.betten.de/Betten/Polsterbetten/trapani-kunstleder-schwarz.html","Haben uns für die ""Sand"" variante entschieden und sind damit sehr Glücklich."
"2709","2019-10-29","internetbasiert","VARIANT 1000.2 von HVO Massivhaus | Fertighaus.de. Fertighaus.de, 2019-10-29","https://www.fertighaus.de/haeuser/hvo_variant10002/","VARIANT 1000.2"
"2710","2019-01-01","internetbasiert","Englische frau kennenlernen. 10. Schöne Fakten über Frauen aus Vietnam Englische frau kennenlernen, 2019-01-01","http://zoom-filmproduktion.de/englische-frau-kennenlernen-36463.php","Nach einer langweiligen varianten und englische frauen kennenlernen jordanische doch gelassen hat ihr spannenden kontrast."
"2711","2020-01-01","internetbasiert","Der Passat Variant: So souverän wie Sie. heisel.de, 2020-01-01","https://www.heisel.de/der-neue-passat-variant-so-souveraen-wie-sie/","Von sportlich bis ökonomisch: Finden Sie Ihr persönliches Fahrprofil oder passen Sie das Fahrverhalten des Passat Variant an die jeweilige Situation an."
"2712","2020-03-29","internetbasiert","Liquid Menthol. Dampfdorado, 2020-03-29","https://dampfdorado.de/liquids-fuer-e-zigaretten/liquid-menthol","Top!!! als mentholraucher ist es bedingt gleichwertig. jedoch hatte ich nur die 0,6er variante probiert. beim nächsten mal mehr;)."
"2713","2020-07-30","internetbasiert","Wasser läuft aus Spüle nicht ab, nix verstopft Ersatzteilversand. forum.electronicwerkstatt.de, 2020-07-30","https://forum.electronicwerkstatt.de/phpBB/Haushaltstipps/wasser_laeuft_aus_spuele_nicht_ab_nix_verstopft-t93932f53_bs0.html","Ich dacht erst das der schlauch der in die wand geht zu ""niedrig"" hängt, aber das ist auch quatsch, habs überm eimer in versch. varianten probiert (hoch gehalten, niedrig gehalten etc.) und da lief es immer gut durch."
"2714","2020-03-26","internetbasiert","BIG DEAL - WIEST Autohäuser. WIEST Autohäuser, 2020-03-26","https://wiest-autohaeuser.de/big-deal-golf-variant/","Das Interieur im Golf Variant lädt dazu ein, direkt Platz zu nehmen und möglichst lange nicht mehr auszusteigen."
"2715","2020-01-01","internetbasiert","11-600. isover.ch, 2020-01-01","https://www.isover.ch/de/solutions/11-600","Description Unité 1 Unité 2 Variant 1 Variant 2 Variant 3 Variant 4 Variant 5 Variant 6 PB M 030 d [mm] 80 100 80 100 80 100 ISOCONFORT 032 d [mm] 120 120 140 140 160 160 Wärmeschutz im Winter und Sommer ** ** ** ** ** *** Wärmedurchgangskoeffizient:"
"2716","2018-07-11","internetbasiert","Effektive Mikroorganismen - Bauer Willi. Bauer Willi, 2018-07-11","https://www.bauerwilli.com/effektive-mikroorganismen/","allerdings ists ne teure variante,alle jahre mal absaugen und durchspülen ist preisgünstiger."
"2717","2019-08-10","internetbasiert","aktueller Wegzustand - Bitte um Feedback | Fernwandern an der Amalfiküste. Fernwandern an der Amalfiküste, 2019-08-10","https://www.amalfi-wanderweg.de/aktueller-wegzustand-bitte-um-feedback/","Just a note that I took the extended variant of stage 4 today."
"2718","2020-08-03","internetbasiert","Variant 3500 U5 | 520x210cm - 3,5t | Kippbarer Multitransporter - Hochlader Anhänger. PKW-Anhänger kaufen bei P+P Anhängercenter | Wohnmobil Vermietung & Anhängervermietung, 2020-08-03","http://www.ppanhaengercenter.com/store/p612/Variant-3500U5-Kippbarer-Hochlader-Anhaenger.html","Variant Kippbare Anhänger"
"2719","2019-07-24","internetbasiert","Software AG Received Highest Use Case Scores by Gartner in the Critical Capabilities for Industrial IoT Platforms Report. 0800hardware.de, 2019-07-24","http://0800hardware.de/software-ag-received-highest-use-case-scores-by-gartner-in-the-critical-capabilities-for-industrial-iot-platforms-report/","Small (45mm x 18mm), robust and powerful board; 3.3V variant of the Nano family."
"2720","2019-02-28","internetbasiert","Auf dem Mobile World Congress 2019 zeigt IDEMIA, wie der IoT-Produktwert mit Sierra Wireless gesteigert werden kann. 0800hardware.de, 2019-02-28","http://0800hardware.de/auf-dem-mobile-world-congress-2019-zeigt-idemia-wie-der-iot-produktwert-mit-sierra-wireless-gesteigert-werden-kann/","Small (45mm x 18mm), robust and powerful board; 3.3V variant of the Nano family."
"2721","2019-09-15","internetbasiert","Blog_Karwendel. peakture.de, 2019-09-15","https://peakture.de/blog%20peakture/karwendelhoehenweg.html","ECKDATEN ETAPPE 01 (variante)"
"2722","2018-08-29","internetbasiert","Grundlagen Archive - xlam.ch. xlam.ch, 2018-08-29","https://www.xlam.ch/grundlagen/","[...] Datentypname Bedeutung Wertebereich Byte Ganzzahl 0 bis 255 1 Boolean (!) Boolescher Wert True, False (Ja, Nein) 2 Integer (!) Ganzzahl -32768 bis 32767 2 Long (!) Ganzzahl Ca. -2 bis +2 Milliarden 4 Single Kommazahl 4 Double (!) Kommazahl 8 Currency Währung 8 Date Datum 01.01.100 bis 31.12.9999 8 String (!) Zeichenketten Text und Zeichen jeder Art 8+ Variant Dynamischer Datentyp Passt sich den Informationen automatisch an >= 16 Object (!) Datentyp für Objekte Passt sich der Größe des Objektes an [...]"
"2723","2020-03-17","internetbasiert","Informationen und Antworten auf Ihre Fragen zu Ihrer MDT-Reiseversicherung und dem Corona-Virus (COVID-19) | MDT travel. MDT travel underwriting GmbH, 2020-03-17","https://www.mdt-versicherung.de/informationen-covid-19/","If your destination country is declared a risk area / high incidence area / virus variant area, there is unfortunately no insurance coverage for this, as this involves an official order or a measure of state authority."
"2724","2019-09-21","internetbasiert","Fensterputzen Preissystem Erlangen Herzogenaurach Preis. Fensterputzer Erlangen, 2019-09-21","https://fensterputzererlangen.de/fensterputzen-preissystem/","Die meisten Kunden entscheiden sich für dieses Variant, da sie viel Geld sparen."
"2725","2020-03-31","internetbasiert","VW Firmenwagen: Lösungen für Ihren Fuhrpark. Volkswagen Österreich, 2020-03-31","https://www.volkswagen.at/angebote/vw-unternehmer","Der neue Passat Variant"
"2726","2019-04-09","internetbasiert","Golf 4 Variant. Car Audio Store, 2019-04-09","https://www.car-audio-store.de/golf-4-variant/","Golf 4 Variant ."
"2727","2019-02-18","internetbasiert","Ackerbaustrategie – mit Maß und Ziel - Bauer Willi. Bauer Willi, 2019-02-18","https://www.bauerwilli.com/ackerbaustrategie-mit-mass-und-ziel/","z.b. könnte man mal den produktions prozess detailierter darstellen und auch wirtschaftlich bewerten. dann verschiedene varianten usw. darauf kann man dann verweisen und später drauf eingehen. für Außenstehende wäre das sicherlich verständlicher."
"2728","2020-01-01","internetbasiert","Der Volkswagen Golf Variant: Der Allrounder. heisel.de, 2020-01-01","https://www.heisel.de/der-volkswagen-golf-variant-der-allrounder/","Das Ziel immer klar vor Augen – der Golf Variant wartet mit moderner Scheinwerfertechnik und vielen zusätzlichen Features auf."
"2729","2020-06-28","internetbasiert","Perfektes Spiel für Strategen: Dame. Senioren Magazin, 2020-06-28","https://seniorenmagazin.net/dame/3281","Es gibt jedoch auch varianten, die auf einem Brett mit 10 mal 10 oder wie bei der kanadischen Dame mit 12 mal 12 Feldern ausgetragen werden."
"2730","2020-01-01","internetbasiert","Modellgeschichte - Typ3.de. Typ3.de, 2020-01-01","https://www.typ3.de/modellgeschichte-2.html","Das Kombi Modell des VW 1500/1600, der erste Volkswagen der den Namen Variant bekam, war mit einem Anteil von 43 Prozent im Jahr 1970 der Typ 3 Zulassungen sehr beliebt."
"2731","2019-07-14","internetbasiert","braune streifen auf den zähnen: Therapie bei Kreidezähnen. Zahnarzt Dinkelsbühl, 2019-07-14","https://xn--zahnarzt-dinkelsbhl-mbc.de/braune-streifen-auf-den-zaehnen-2/","Weißen backenzähnen rund variante aufgefallen versicherungen zahnpflege teuer."
"2732","2020-07-18","internetbasiert","Software+Datenbank zur Emu/Simu von IR-FBs Seite 2 Ersatzteilversand. forum.electronicwerkstatt.de, 2020-07-18","https://forum.electronicwerkstatt.de/phpBB/Elektrische_Probleme/software_datenbank_zur_emu_simu_von_ir_fbs-t2880f6_bs15.html","Also es gibt ja IRdeo und die Einfachere variante."
"2733","2019-09-09","internetbasiert","Captain Fawcett Scapicchio Rasierseife. soulobjects.de, 2019-09-09","https://soulobjects.de/products/captain-fawcett-scapicchio-rasierseife","This variant is currently sold out."
"2734","2020-03-02","internetbasiert","Alvi Wickel-Mäxchen Zootiere Puderblau | Kinderhaus Blaubär. kinderhaus-blaubaer.de, 2020-03-02","https://www.kinderhaus-blaubaer.de/alvi-wickel-maexchen-zootiere-puderblau_34786_56251","[...] { _tsRatingConfig = { tsid : 'X0C74C395F78C2D0663798C126CCFC286', element : '#ts_review_sticker', variant : 'testimonial', reviews : '5', betterThan : '3.0', richSnippets : 'on', backgroundColor : '#FFDC0F', linkColor : '#000000', quotationMarkColor : '#FFFFFF', fontFamily : 'Arial', reviewMinLength : '10' }; var scripts = document.getElementsByTagName('SCRIPT'), me = scripts[scripts.length - 1]; var _ts = document.createElement('SCRIPT'); _ts.type = 'text/javascript'; _ts.async = true; _ts.src = '//widgets.trustedshops.com/reviews/tsSticker/tsSticker.js'; me.parentNode.insertBefore(_ts, me); _tsRatingConfig.script = _ts; })(); [...]"
"2735","2020-12-17","internetbasiert","535. Nordrhein-Westfalen, das „Corona“-Narrativ und der riskante genetische Impfstoff. Sägefisch, 2020-12-17","https://jacquesauvergne.wordpress.com/2020/12/17/535/","The variant was quickly named VUI-202012/01, the first „Variant Under Investigation“ in December 2020 and is defined by a set of 17 mutations the most significant being an N501Y mutation in the spike protein that the virus uses to bind to the human ACE2 receptor."
"2736","2018-08-12","internetbasiert","3D Druck - Nanoleaf Mounts. 3d-loewe.de, 2018-08-12","https://www.3d-loewe.de/p/nanoleaf-mounts","Variante 6: nanoleafmount6"
"2737","2020-01-01","internetbasiert","Debon Dreiseitenkipper DDK 180x306 2,6t|E-Pumpe|Aktion. Koch Anhängerwerke, 2020-01-01","https://www.kochanhaengerwerke.de/kipper/3-seitenkipper/debon-dreiseitenkipper-ddk-180x306-2-6t-e-pumpe-aktion","Variant Heckkipper Variant 168x320cm 2,7t | E-Pumpe | Rampen | Aktion"
"2738","2019-05-20","internetbasiert","Überblick zu Android Autoradios mit allen wesentlichen Fakten. Android Autoradio im Test, 2019-05-20","https://www.android-autoradio-im-test.de/index.php/2019/05/20/der-ueberblick-zu-android-autoradios-fuer-alle-neueinsteiger/","Rückfahrkamera Einparkhilfe Kamera für VW Golf 7 Golf Variant/Estate / Sportwagen Passat B7 Alltrack B8/ Sharan Touareg Tiguan/Fabia 3 NJ MK3/ Kodiaq/ T6 Transporter/Caravelle/Multivan 2015-2018"
"2739","2020-03-24","internetbasiert","Xiaomi Redmi K30 Pro und K30 Pro Zoom Edition offiziell. GO2mobile, 2020-03-24","https://www.go2android.de/xiaomi-redmi-k30-pro-und-k30-pro-zoom-edition-offiziell","LPDDR4x + UFS 3.0 on 6GB+128GB variant"
"2740","2020-01-16","internetbasiert","Autokreditwiderruf | Jetzt entscheidet der EuGH | Erstberatung kostenlos. Dr. Lehnen & Sinnig Rechtsanwälte PartG mbB, 2020-01-16","https://www.lehnen-sinnig.de/widerruf-allgemein/entscheidung-eugh/","Im vorliegenden Fall handelte es sich um einen über die Volkswagen Bank GmbH finanzierten Kauf eines Kraftfahrzeugs VW Passat Variant 2,0 TDI zur privaten Nutzung."
"2741","2020-07-22","internetbasiert","PARADOR Klebe-Vinylboden Basic 2.0 Eiche Variant geschliffen gebürstet struktur Stabmix. Holz-Richter GmbH, 2020-07-22","https://www.casando.de/parador-klebe-vinylboden-basic-2-0-eiche-variant-geschliffen-gebuerstet-struktur-stabmix-34966545-produkt/","PARADOR Klebe-Vinylboden Basic 2.0 Eiche Variant geschliffen gebürstet struktur Stabmix 1219 x 229 x 2 mm, NKL 23/31 1219 x 229 x 2 mm, NKL 23/31"
"2742","2020-08-20","internetbasiert","ThemeNcode PDF Viewer SC [Do not Delete] - BORNEMANN. BORNEMANN, 2020-08-20","https://www.bornemann-rollladen.de/themencode-pdf-viewer-sc/","Home Über uns Karriere Kontakt Service Planungshilfe Rollladen Downloads Downloads Datenschutzerklärung Impressum Home Rollladen Aufsatzrollladen VARIANT 2.0 PUKA II PUKA II RA Vorbaurollladen STANDARD E und R PREMIUM E und R UPK (Unterputzsystem)"
"2743","2020-01-01","internetbasiert","21-220. isover.ch, 2020-01-01","https://www.isover.ch/de/solutions/21-220","Description Unité 1 Unité 2 Variant 1 Variant 2 Variant 3 Variant 4 Variant 5 Variant 6 PB F 030 d [mm] – – – – 40 100 PB F 030 d [mm] 120 140 180 200 200 200 Wärmeschutz im Winter und Sommer * ** ** ** *** Wärmedurchgangskoeffizient:"
"2744","2020-08-03","internetbasiert","Variant 3017 TB | 320x168cm - 3,0t | Dreiseitenkipper - Bordwandaufsatz. PKW-Anhänger kaufen bei P+P Anhängercenter | Wohnmobil Vermietung & Anhängervermietung, 2020-08-03","http://www.ppanhaengercenter.com/store/p780/Variant-3017-TB-320-x-168-cm.html","Variant"
"2745","2020-03-18","internetbasiert","Kanzlei Dr. Stoll & Sauer bietet Online-Beratung für Vergleichsangebote von VW in der Musterfeststellungsklage an / Einzelklage im Diesel-Abgasskandal oft lukrativer | Dr. Stoll & Sauer - VW Schadensersatz. Kanzlei Dr. Stoll & Sauer bietet Online-Beratu...","https://www.vw-schaden.de/aktuelles/kanzlei-dr-stoll-sauer-bietet-online-beratung-fuer-vergleichsangebote-von-vw-der","Ein VW-Autohaus muss einem Verbraucher 25 Prozent des Kaufpreises für einen VW Passat Variant 2,0 LTDI bezahlen."
"2746","2019-08-12","internetbasiert","SE16N eine Alternative. IT-Consulting Pees GmbH, 2019-08-12","https://hermann-pees.de/se16n-interessante-alternative/","Im Feld „Variant“ mit „F4“ die passende suchen."
"2747","2020-09-23","internetbasiert","DER WELTKRIEG mit todbringenden manipulierten Viren geht in die zweite Phase. Conservo, 2020-09-23","https://conservo.wordpress.com/2020/09/23/der-weltkrieg-mit-todbringenden-manipulierten-viren-geht-in-die-zweite-phase/","„A SARS-CoV-2 variant with Spike G614 has replaced D614 as the dominant pandemicform"
"2748","2018-04-02","internetbasiert","Kundenstatistik Top/Down - WAWIS Warenwirtschaft. WAWIS Warenwirtschaft, 2018-04-02","https://www.wawis.de/kundenstatistik-top-down/","[...] program statistik_ausgabe; var oDialog:TUDFDialog; XlsApp, XlsWorkBook, XlsWorkSheet: Variant; von,bis:TDateTime; nReihe,nIst,nGesamt:integer; nJahr,i :integer; function GetYear(dDate:TDateTime):integer; var Year, Month, Day: Word; begin DecodeDate(dDate, Year, Month, Day); result := year; end; begin oDialog := TUdfDialog.Create; try oDialog.AddField('Jahr','Jahr',ftInteger,True,True,'',0); nJahr := GetYear(date); oDialog.AddAuswahl('Jahr', inttostr(nJahr), nJahr,True); oDialog.SetFieldValue('Jahr', nJahr); for i := 1 to 5 do begin nJahr := nJahr-1; oDialog.AddAuswahl('Jahr', inttostr(nJahr), nJahr,True); end; if oDialog.Execute then begin XlsApp := CreateOleObject('Excel.Application'); XlsApp.Workbooks.Add; XlsApp.Visible := False; XlsWorkbook := XlsApp.Workbooks[1]; XlsWorksheet := Xlsworkbook.Worksheets[1]; nJahr := oDialog.GetFieldValue('Jahr'); von := EncodeDate(nJahr,1,1); bis := EncodeDate(nJahr,12,31); XlsWorksheet.Cells[1,'A'].Value [...]"
"2749","2018-06-27","internetbasiert","IoT forecast: operator spend on connectivity management platforms 2017-2026. 0800hardware.de, 2018-06-27","http://0800hardware.de/iot-forecast-operator-spend-on-connectivity-management-platforms-2017-2026/","Small (45mm x 18mm), robust and powerful board; 3.3V variant of the Nano family."
"2750","2019-07-05","internetbasiert","Zerlegt, nur wenige Ersatzteile auf Anfrage. autoverwertung-wildt.de, 2019-07-05","https://autoverwertung-wildt.de/passat-variant/","Zerlegt, nur wenige Ersatzteile auf Anfrage Jul5 Sie können bei uns diverse Ersatzteile dieses VW Passat Variant erwerben!"
"2751","2020-01-01","internetbasiert","Reparatursatz, Zündverteiler. BERU Zündungsteile | BERU – Ihr Experte für Zündungstechnik, 2020-01-01","https://www.beruparts.de/find-my-part/9737188/beru-by-driv/andere/reparatursatz--zundverteiler/dks011.pd.html","Marke Typ Motor Aktion {{fitment.make}} {{fitment.variant}} {{fitment.engine_display}} Siehe Anwendung"
"2752","2020-10-27","internetbasiert","Neue Sinnlichkeit 76 Blätter für Menschen, die sich nach mir sehnen. Dietmar Moews's Blog, 2020-10-27","https://lichtgeschwindigkeit.wordpress.com/2020/10/27/neue-sinnlichkeit-76-blatter-fur-menschen-die-sich-nach-mir-sehnen/","Besonders verhaltensbestimmend für aktives Informationsinteresse sind die sehr varianten Anforderungen durch erwerbsberufliche Szenerien, vom Tagelöhner, zu Lohnabhängigen, Angestellten der Dienstklasse und Politikberuflern, aber auch Kapitalbürgern und Unternehmern – immer angesichts des Todes."
"2753","2018-01-01","internetbasiert","Kompression. Wowerat Socken Großhandel Shop, 2018-01-01","https://www.wowerat.de/wellness-bio/kompression/","FRÖHLICH-BUNTE VARIANTE PUZZLE* 70% Baumwolle, 24% Polyamid, 6% Elasthan TOP-Artikel!"
"2754","2018-08-12","internetbasiert","3D Druck - EQ5 Goto Nema17 Motor Bracket Set. 3d-loewe.de, 2018-08-12","https://www.3d-loewe.de/p/eq5-goto-nema17-motor-bracket-set","Variante 6: connector cover"
"2755","2019-12-15","internetbasiert","Kurzfrisuren 2019 Damen – Die schönsten Trendfrisuren. Die schönsten Trendfrisuren, 2019-12-15","https://annaschueler.com/kurzfrisuren-2019-damen/","Sehen sie die besten varianten kurzhaarfrisuren fur damen ab 60."
"2756","2018-05-04","internetbasiert","Mein Watschenmann kommt auf die Bühne. Wordpressdotcom, 2018-05-04","https://peschka.at/2018/05/04/mein-watschenmann-kommt-auf-die-buehne/","blog/texte andere seiten prosabruch kalser seelenwanderung bohumil und barnabas die frau des schneckenkönigs sterntaler hedwig in der nische donauwalzer (varianten) personal favorite oe1.orf.at texte für oe1.orf.at johnny be good alte texte bild/text/ton mit michael hedwig mit oskar stocker mit rudolf jungwirth mit ella raidel bilder bücher watschenmann fannipold autolyse wien publikationsliste termine ein paar rezensionen rezensionen tddl 2017 über mich impressum Mein Watschenmann kommt auf die Bühne 04/05/2018 Ab Jänner 2019!"
"2757","2020-03-18","internetbasiert","Nein, es werden nicht heimlich Flüchtlinge an einem Flugplatz ""eingeschleust""!. Mimikama, 2020-03-18","https://www.mimikama.at/allgemein/fluechtlinge-flugplatz-eingeschleust-fake/","Jenes stellte VW selbst auf, um dort aus Platzmangel den Golf Variant aufzubereiten und fertigzustellen."
"2758","2020-02-01","internetbasiert","Die Höllenbergkicker - C2 - Feld u. Halle 2020/21. Feld u. Halle 2020/21, 2020-02-01","https://höllenbergkicker.de/Historie/C2-Feld-u-Halle-202021","varianten gegriffen und mit zunehmender Spielzeit immer weiter ""nachgelegt""."
"2759","2020-01-01","internetbasiert","Vezeko KONOS Abroll-Muldenkipper 3,5t|ohne Mulde|Hakengerät. Koch Anhängerwerke, 2020-01-01","https://www.kochanhaengerwerke.de/kipper/3-seitenkipper/vezeko-konos-abroll-muldenkipper-3-5t-ohne-mulde-hakengeraet","Variant Hochlader Anhänger P4 3021 Comfort | 205x415cm 3,0t"
"2760","2018-10-26","internetbasiert","Suche. tksoft-online.de, 2018-10-26","http://www.tksoft-online.de/index.php/ms-access/bsp-db-s/bsp-downloads-datei-und-system/5-einlesen-von-dateien-mit-angabe-der-ordnertiefe-in-eine-ms-access-datenbank","Exit Function Err_Handler: MsgBox ""Error "" & Err.Number & "": "" & Err.Description Resume Exit_Handler End Function Private Function FillDir(colDirList As Collection, ByVal strFolder As String, strFileSpec As String, _ bIncludeSubfolders As Boolean) Dim strTemp As String Dim colFolders As New Collection Dim vFolderName As Variant strFolder = TrailingSlash(strFolder) strTemp = Dir(strFolder & strFileSpec)"
"2761","2018-05-23","internetbasiert","Ich höre auf mit Bloggen // [vorübergehend]. Ameisen Im Kirschblütenhaufen, 2018-05-23","https://stadtzottel.wordpress.com/2018/05/23/ich-hoere-auf-mit-bloggen/","ja, ist vermutlich, solange noch einiges unklar ist, die beste variante. bin gespannt, ob wir demnächst alle wieder online zu lesen sind. 🙂 liebe grüße zurück!"
"2762","2020-12-17","internetbasiert","Keine Impfexperimente in NRW. Schariagegner, 2020-12-17","https://schariagegner.wordpress.com/2020/12/17/keine-impfexperimente-in-nrw/","The variant was quickly named VUI-202012/01, the first „Variant Under Investigation“ in December 2020 and is defined by a set of 17 mutations the most significant being an N501Y mutation in the spike protein that the virus uses to bind to the human ACE2 receptor."
"2763","2019-12-06","internetbasiert","Schwarwel Gevatter #3 „Kapitel Drei: Verhandlung“ (Variant, Digital-PDF) - Glücklicher Montag Shop. Glücklicher Montag Shop, 2019-12-06","https://gluecklicher-montag-shop.de/produkt/schwarwel-gevatter-3-kapitel-drei-verhandlung-variant-digital-pdf/","Schwarwel Gevatter #2 „Kapitel Zwei: Zorn“ ist mit dem Cover von Schwarwel als Regular Edition hier erhältlich: www.gluecklicher-montag-shop.de/product/graphic-novel-schwarwel-gevatter-zorn-heft-2 und mit dem Cover von Ingo Römling als Variant Edition hier: www.gluecklicher-montag-shop.de/product/gevatter-2-kapitel-zwei-zorn-variant-edition"
"2764","2020-08-01","internetbasiert","Lokalisieren Sie Ihre Software und erschließen Sie neue Märkte. sisulizer.de, 2020-08-01","https://www.sisulizer.de/online-help/SystemVariantDialog.shtml","Use this sheet to specify variant codes."
"2765","2019-06-29","internetbasiert","Das steckt in Scavengers, dem E3-Shooter, den ihr übersehen habt. Mein-MMO.de, 2019-06-29","https://mein-mmo.de/scavengers-vorstellung/","Gerade die PVPvE varianten von bisherigen Games sind alle mehr oder weniger gescheitert."
"2766","2020-01-01","internetbasiert","ABE Radtyp M8017 LK 5x100 ET25 Teilegutachten 366-0962-97-MURD/N10. Autoteile-Rathenow Autoteile-Premnitz Ersatzteile Neuteile - Automarkt in Rathenow - Premnitz, 2020-01-01","https://www.autoteile-rathenow.de/abe-radtyp-m8017-lk-5x100-et25-teilegutachten-366-0962-97-murd-n10.html","[...] Kundengruppe: Gast Registrieren Anmelden TOP Produkte ABE für RH Alufelgen AD 705450 TOP Produkte Blinklicht Lada Niva vorn rechta 21214-3712010 TOP Produkte OPEL Vectra B Ölwanne R90400 134 TOP Produkte Trittbrett Nissan NAVARA (D40) 96101EB10A TOP Produkte VW Golf III Variant Tür hinten links weiss Farbcode LB9A TOP Produkte Barkas B1000 Zündverteiler mit Grundplatte 3 TOP Produkte ABE download WIESMANN Hardtop BMW Z3 TOP Produkte 4 Stück Alufelgen original Mercedes A-Klasse Alufelgen mit Winterreifen Teilenummer A168 4011402 TOP Produkte Mercedes C-Klasse W203 Sitzverkleidung Lehnenverkleidung A2039100339 TOP Produkte Barkas B1000 Seitenscheibengummi hinten kleine Scheibe TOP Produkte Fahrertür rot Farbcode D719 Renault Kangoo 1998-03 TOP Produkte Mercedes Sprinter Motorsteuergerät Steuergerät A6111531191 Bosch Kategorien NEUTEILE (25) GEBRAUCHTTEILE (286) DOWNLOADS (11) Downloads ABE (11) Downloads ABE Alufelgen (9) [...]"
"2767","2020-08-03","internetbasiert","Variant 2718 B4 | 400x180cm - 2,7t | Maschinentransporter - Blattfederung. PKW-Anhänger kaufen bei P+P Anhängercenter | Wohnmobil Vermietung & Anhängervermietung, 2020-08-03","http://www.ppanhaengercenter.com/store/p618/Variant-2718B4-Baumaschinentransporter-blattfederung.html","Variant 2718 B4 | 400x180cm - 2,7t | Maschinentransporter - Blattfederung"
"2768","2018-06-01","internetbasiert","Fertighaus Variant 45-154 | HANSE HAUS. Hanse Haus, 2018-06-01","https://www.hanse-haus.ch/de/architektur/haeuser/haus/variant-45-154/","Bringen Sie Farbe in Ihr Leben mit dem Fertighaus mit Satteldach Variant 45-154"
"2769","2020-11-06","internetbasiert","Airofit Schweizer Online Shop - Atemtrainer Kaufen. Airofit - Atemtrainer, 2020-11-06","https://atemkrafttraining.ch/","Please note that your order will include 2x mouthpieces of your selected variant."
"2770","2020-08-04","internetbasiert","Kaspersky Internet Security for Mac. Lizenz2Go, 2020-08-04","https://lizenz2go.ch/products/kaspersky-internet-security-for-mac","Spezifikationen Lizenz Lizenztyp Subscription Lizenz Lizenzdauer 1 Jahr / 2 Jahre (siehe Auswahl) Lizenzform ESD Anzahl Geräte 1x - 5x (siehe Auswahl) Sprache Multilingual Software Hersteller Kaspersky Produktfamilie Internet Security Produktserie for Mac Herst.-Nr. {{ variant.sku }} Systemanforderungen Betriebssystem Mac OS X 10.12 oder höher Festplattenspeicher 2635 MB Arbeitsspeicher (RAM) 2 GB"
"2771","2020-01-08","internetbasiert","IDWs Sonic the Hedgehog # 23 Review. SpinDash_de, 2020-01-08","https://www.spindash.de/all-review-list/idws-sonic-the-hedgehog-23-review","Zum 23. Mal in Folge stellt ihr Variant eine weitere sehr gelungene Cover-Alternative aus ihrer talentierten Hand dar."
"2772","2020-07-13","internetbasiert","bb_saxophonist_köln_media. Saxophonaut - Der Saxophonist aus Köln, 2020-07-13","https://saxophonaut.de/media/bb_saxophonist_koeln_media/","Zum Inhalt springen Suche nach: ÜBER MICH Marke Saxophonaut Profil Projekte Referenzen Auszeichnungen NEWS VARIANTEN Sax Solo Sax & Piano Sax & DJ Sax, Piano & Gesang Sax & Band MEDIA FOTOS VIDEOS bb_saxophonist_köln_media bb_saxophonist_köln_media saxophonaut 2020-07-13T21:09:17+00:00 Media Saxophonist Köln Düsseldorf Sax & DJ, Live-Sax, Saxophon Köln Page load link"
"2773","2018-05-25","internetbasiert","Gibt es alternativen zum Stativ oder etwas gleichwertiges? - LRE-Photography - Timelapse. LRE-Photography - Timelapse, 2018-05-25","https://www.lriese.ch/alternativen-stativ/","Anfänglich habe ich die ALU Variant gekauft."
"2774","2020-08-04","internetbasiert","Reparatur. suche eine Schaltung im KfZ-Bereich...5stufiger Schwellwertschalter... Ersatzteilversand, 2020-08-04","https://forum.electronicwerkstatt.de/phpBB/Projekte_im_Selbstbau/suche_eine_schaltung_im_kfz_bereich_5stufiger_schwellwertschalter-t11275f34_bs0.html","[...] bedeutet das jetzt du willst also 5 leds der reihe nach aufleuchten lassen? is nicht besonders aufregend der aufwand, du schaltest einfach 5 komparatoren mit je einem schwellwert im den ausgängen in eine LED reihe... die led die zwischen zwei unterscheidlichen potetialen hängt leuchtet die anderen sind dunkel, so einfach geht des... in der schaltung sind eben die 5 komparatoren, es müsste mit 4 auch gehn, mit 5 gehts aber ganz sicher... (vorteil bei der variante mit 4 wär dass du mit einem quad-opv(komparator) auskommst, dazu muss einfach der oberste opv weg und statt dem OPV ausgang kommt +Ub an die kette (falls die led dann immer etwas ""glimmt"" obwohl sie aus sein sollte einfach silizium dioden in serie schalten bis sie nimmer glimmt... also zurück zur schaltung, solange die messpannung kleiner is als alle vergelichspannungen an den OPVs sind alle OPV ausgänge auf +Ub, die einzige led die jetz unter spannung steht is die gegn masse ganz unten, steigt die spannung so weid dass nun der erste schwellwert überschritten wird geht der unterste OPV nach masse am ausgang, daher [...]"
"2775","2019-04-10","internetbasiert","Wichtige Updates für Windows 10 und Windows 7/8.1. Security-Insider, 2019-04-10","https://www.security-insider.de/wichtige-updates-fuer-windows-10-und-windows-781-a-819429/","Das Update bietet Schutz vor Spectre Variant 2 (CVE-2017-5715) und Meltdown (CVE-2017-5754) für VIA-basierte Computer."
"2776","2020-08-11","internetbasiert","Bauen Sie Ihr Einfamilienhaus - Lemke Bau GmbH. Lemke Bau GmbH, 2020-08-11","https://www.lemke-bau.de/einfamilienhaus-bauen/","Pure Eleganz: Die geradlinige Optik bildet gemeinsam mit den vielfältigen Raumaufteilungs- varianten ein hochmodernes…"
"2777","2020-08-01","internetbasiert","KFZ-Steuer VW Passat. repareo.de, 2020-08-01","https://www.repareo.de/kfz-steuer-vw-passat/","KFZ-Steuer VW Passat Variant 2.0 TDI"
"2778","2018-05-17","internetbasiert","Cumulocity IoT der Software AG erleichtert Trackerando das Tracking von Personen, Haustieren und Gegenständen. 0800hardware.de, 2018-05-17","http://0800hardware.de/cumulocity-iot-der-software-ag-erleichtert-trackerando-das-tracking-von-personen-haustieren-und-gegenstaenden/","The ease of use of a Nano board with the addition of secure IoT and BT connectivity Small (45mm x 18mm), robust and powerful board; 3.3V variant of the Nano family."
"2779","2018-07-06","internetbasiert","Das Leveln in WoW: Battle for Azeroth dauert nun noch länger. Mein-MMO.de, 2018-07-06","https://mein-mmo.de/wow-leveln-battle-for-azeroth-laenger/","Du kannst max Gear in der Open World erreichen und das ist auch absolut keine Ineffektive variante."
"2780","2020-02-17","internetbasiert","Was ist Apache TinkerPop?. BigData-Insider, 2020-02-17","https://www.bigdata-insider.de/was-ist-apache-tinkerpop-a-904394/","gremlin-scala (scala/variant)"
"2781","2019-10-30","internetbasiert","Merken Sie sich Fahrzeuge aus unserem VW und Audi Fahrzeugbestand. Autohaus Zeidler GmbH, 2019-10-30","https://autokoehler.de/fahrzeuge/merkzettel/","Passat Variant 1.5 TSI Elegance -DSG-AHK-LED-NAV"
"2782","2019-05-14","internetbasiert","Neue Samsung Galaxy A10-Variante bei Geekbench aufgetaucht. Testberichte, News, Tablets & Smartphones, 2019-05-14","https://www.appdated.de/2019/05/neue-samsung-galaxy-a10-variante-bei-geekbench-aufgetaucht/","Since the Galaxy A10e specifications have not been leaked yet, we cannot deny the possibility of the SM-A107F being a Galaxy A10e variant."
"2783","2018-07-15","internetbasiert","thread cutter set 40 pieces M3-M12. polo-motorrad.com, 2018-07-15","https://www.polo-motorrad.com/hi-q-tools-thread-cutter-set-40-pieces-m3-m12-60170600460.html","An error occurred during the variant selection."
"2784","2020-01-01","internetbasiert","Lambdasonde. BERU Zündungsteile | BERU – Ihr Experte für Zündungstechnik, 2020-01-01","https://www.beruparts.de/find-my-part/9737677/beru-by-driv/exhaust-systems/lambdasonde/ozu022.pd.html","Passend für: {{make}} {{variant}} {{engine_display}} Passend für: Achse {{axle_code}} Passend für: Motor {{fitsEngineDisplay}}"
"2785","2018-08-15","internetbasiert","Variant 35-172 von Hanse Haus | Fertighaus.de. Fertighaus.de, 2018-08-15","https://www.fertighaus.de/haeuser/hanse-variant35172/","Der Hausentwurf Variant 35-172 zeigt einmal mehr, wie sich die klassische Satteldacharchitektur modern und zeitgemäß gestalten lässt."
"2786","2018-01-26","internetbasiert","Süsskartoffel-Reis-Congee. Colors of Food, 2018-01-26","https://colorsoffood.de/suesskartoffel-reis-congee/","Die variante mit Süßkartoffel muss ich mir unbedingt merken."
"2787","2018-11-06","internetbasiert","Mindestpreise auf real.de + EDI nutzen + Shopware-Variantenkonfigurator. reybex ERP Spezialist seit 2014. reybex Cloud ERP Software Lösung, 2018-11-06","https://testb.digitalesmarketing-impott.de/mindestpreise-auf-realde-edi-nutzen-shopware-variantenkonfigurator/","There are three options to choose from: 1. Selection = selection of the variant one after the other via dropdown menu. 2. Image = Selection of the variant by clicking on an image. 3. Standard = direct selection of the variant without a certain order."
"2788","2020-06-06","internetbasiert","Der VW Passat für die grünen Momente - Gießener Anzeiger. GieÃener Anzeiger, 2020-06-06","https://www.giessener-anzeiger.de/ratgeber/auto-und-motorrad/autotests/volkswagen/der-vw-passat-fur-die-grunen-momente_21770500","Länge 4,89 m Preis (Grundausstattung) 45 810 € Breite 1,83 m Kofferraumvolumen 483-1613l Höhe 1,52 m Testverbrauch 4,6 l plus 15 kWh/100 km kW/PS 160/218 CO2-Ausstoß (WLTP) 37 g/km VW Passat GTE Variant Highline Länge 4,89 m Preis (Grundausstattung) 45 810 € Breite 1,83 m Kofferraumvolumen 483-1613l Höhe 1,52 m Testverbrauch 4,6 l plus 15 kWh/100 km kW/PS 160/218 CO2-Ausstoß (WLTP) 37 g/km"
"2789","2018-05-28","internetbasiert","Kosten Implantate, Kronen... - Denta Beaute. Denta Beaute Zahnarzt Wien, 2018-05-28","https://www.denta-beaute.com/zahnforum/fragen/kosten-implantate-kronen/","implantatkosten sind ohne kronenkosten. im seitzahnbereich reicht die metall/keramik variante, also alles zusammen 1750€"
"2790","2018-09-13","internetbasiert","Digest: Deutsche Youtuber – 13.09.2018. Digest: Deutsche Youtuber – 13.09.2018, 2018-09-13","https://ausfahrt.tv/digest-deutsche-youtuber-13-09-2018/","Am oberen Ende der Preisliste | Volkswagen Passat Variant | der Test vom: 13.09.2018 11:09:55 Uhr 240 PS, Sieben Gang Doppelkupplungsgetriebe und 4Motion Allradantrieb – all das bietet der VW Passat Variant mit dem R-Line Paket."
"2791","2020-02-28","internetbasiert","VW bekräftigt: ID.3 wird ab Sommer ausgeliefert. ecomento.de, 2020-02-28","https://ecomento.de/2020/02/28/vw-bekraeftigt-id-3-wird-ab-sommer-ausgeliefert/","ID.2 (polo) bzw. ID.2X (T-cross), space vison (passat variant)."
"2792","2020-07-19","internetbasiert","""Das System der Bildung von Grigori Grabovoi"". svet-centre.com, 2020-07-19","http://www.svet-centre.com/epages/63625358.sf/de_DE/?ObjectPath=/Shops/63625358/Products/P0004","Es handelt sich um Aufreihungen von Vorlesungen von Grigori Grabovoi, die weitestgehend im Variant der Original-Vorlesung wiedergegeben wird."
"2793","2018-04-19","internetbasiert","IoT-Cloud und -Linux von Microsoft. 0800hardware.de, 2018-04-19","http://0800hardware.de/iot-cloud-und-linux-von-microsoft/","Small (45mm x 18mm), robust and powerful board; 3.3V variant of the Nano family."
"2794","2020-11-02","internetbasiert","Keine Massenimpfungen gegen SARS-CoV-2, keine Corona-Impfzentren und -Kühlketten, kein Geld für COVAX. Schariagegner, 2020-11-02","https://schariagegner.wordpress.com/2020/11/02/keine-massenimpfungen-gegen-sars-cov-2-keine-corona-impfzentren-und-kuehlketten-kein-geld-fuer-covax/","Translate Bio Inc., a smaller US-based collaborator of Sanofi earlier proposed a Moderna-like mRNA vaccine variant to be kept at –80 °C. (…)"
"2795","2020-11-03","internetbasiert","VW Golf 8 Variant - Kompaktkombi in sechster Generation - NewCarz.de. NewCarz.de, 2020-11-03","https://www.newcarz.de/2020/11/03/vw-golf-8-variant-kompaktkombi-in-sechster-generation/","Die neue Generation des 2015 zum ersten Mal vorgestellten Golf Alltrack übernimmt alle Technologie-News des neuen Golf Variant."
"2796","2020-01-01","internetbasiert","Testberichte 1970. vw-411.de, 2020-01-01","http://vw-411.de/Testberichte-1970/","Fahrbericht VW 411 LE Variant"
"2797","2018-07-07","internetbasiert","OK Front+Backenzahnprothese - Denta Beaute. Denta Beaute Zahnarzt Wien, 2018-07-07","https://www.denta-beaute.com/zahnforum/fragen/ok-frontbackenzahnprothese/","das kann ich via web schwer benatowrten, aber schau mal da, es gibt auch klammerlose varianten …"
"2798","2020-03-02","internetbasiert","Alvi Baby Mäxchen Sommertraum Mullschlafsack Fox Glove | Kinderhaus Blaubär. kinderhaus-blaubaer.de, 2020-03-02","https://www.kinderhaus-blaubaer.de/alvi-baby-maexchen-sommertraum-mullschlafsack-fox-glove_34874_56851","[...] { _tsRatingConfig = { tsid : 'X0C74C395F78C2D0663798C126CCFC286', element : '#ts_review_sticker', variant : 'testimonial', reviews : '5', betterThan : '3.0', richSnippets : 'on', backgroundColor : '#FFDC0F', linkColor : '#000000', quotationMarkColor : '#FFFFFF', fontFamily : 'Arial', reviewMinLength : '10' }; var scripts = document.getElementsByTagName('SCRIPT'), me = scripts[scripts.length - 1]; var _ts = document.createElement('SCRIPT'); _ts.type = 'text/javascript'; _ts.async = true; _ts.src = '//widgets.trustedshops.com/reviews/tsSticker/tsSticker.js'; me.parentNode.insertBefore(_ts, me); _tsRatingConfig.script = _ts; })(); [...]"
"2799","2020-01-01","internetbasiert","Know-how. RMM Metallbearbeitung GmbH, 2020-01-01","https://www.rmm-metallbearbeitung.de/know-how/","[...] btn2_text_color=“#ffffff“ btn2_text_hovercolor=“#333333″ title_font_size=“desktop:18px;“ title_line_ht=“desktop:28px;“ btn_border_radius=“2″ btn1_heading_style=“font-weight:700;“ btn2_heading_style=“font-weight:700;“ css_dualbtn_design=“.vc_custom_1581678130098{margin-top: 0px !important;margin-bottom: 0px !important;padding-top: 0px !important;padding-bottom: 0px !important;}“ btn_width=“250″ btn1_font_family=“font_family:Roboto|font_call:Roboto|variant:700″ btn2_font_family=“font_family:Roboto|font_call:Roboto|variant:700″][/vc_column][/vc_row][vc_row equal_height=“yes“ bg_type=“bg_color“ bg_override=“full“ css=“.vc_custom_1572950423405{border-top-width: 50px !important;padding-bottom: 50px !important;}“][vc_column][vc_column_text css=“.vc_custom_1581677490237{margin-top: 30px !important;}“]Mehr als 1.000 m2 Produktionsfläche mit modernstem Maschinenpark und 20 qualifizierten Fachkräften machen uns somit zu einem produktiven und zuverlässigen Partner. [...]"
"2800","2019-06-05","internetbasiert","Klinische FragestellungMukopolysaccharidosen, Differentialdiagnose II. Amedes Genetics, 2019-06-05","https://www.amedes-genetics.de/krankheiten/krankheit/detail/mukopolysaccharidosen-differentialdiagnose-ii.html","Fabry disease, cardiac variant (GLA)"
"2801","2020-01-01","internetbasiert","Abgaskrümmerdichtung VW Golf I II III IV LT Lupo Iltis Caddy Polo. Bus-Scheune.de, Ersatzteile fuer VW Bus T3 VW Bus T4 guenstig kaufen., 2020-01-01","https://www.bus-scheune.de/weitere-VW-Classic-Modelle/Golf-II/Dichtungen-Dichtsaetze/Abgaskruemmerdichtung-VW-Golf-I-II-III-IV-LT-Lupo-Iltis-Caddy-Polo::49408.html","[...] VW CORRADO (53I) 1.8 2.0 i G60 09/88-12/95 VW GOLF I (17) 1.5 1.6 1.8 D TD GTI 04/74-02/84 VW GOLF I Cabriolet (155) 1.5 1.6 1.8 01/79-04/93 VW GOLF II (19E, 1G1) 1.6 1.8 i D TD GTI G60 08/83-07/92 VW GOLF III (1H1) 1.8 1.9 2.0 D TD TDI SDI 11/91-08/97 VW GOLF III Cabriolet (1E7) 1.8 1.9 2.0 TDI 07/93-05/98 VW GOLF III Variant (1H5) 1.8 1.9 2.0 D TD TDI SDI 07/93-04/99 VW GOLF IV / Variant (1J1/5) 1.9 TDI SDI 08/97-06/06 VW GOLF IV Cabriolet (1E7) 1.9 TDI 06/98-06/02 VW ILTIS (183) 1.7 1.7 TD 03/79-12/88 VW JETTA I (16) 1.5 1.6 1.8 D TD GLI 08/78-02/84 VW JETTA II (19E, 1G2) 1.6 1.8 D TD 01/84-07/92 VW LT 28-35 I (281-363) 2.4 i D TD 12/78-06/96 VW LT 28-35 II (2DM/2DX0AE) 2.5 TDI SDI 06/96-07/06 VW LT 40-55 I (291-512) 2.4 i D TD 08/78-06/96 VW LUPO (6X1, 6E1 [...]"
"2802","2018-05-31","internetbasiert","VW Passat Variant: Den neuen Volkswagen bewundern. Auto-Kombi, 2018-05-31","https://www.kombi.de/vw-passat-variant/","VW Passat Variant: Familienauto und Dienstwagen"
"2803","2019-01-01","internetbasiert","Wartungspaket Volkswagen Gruppe Benziner A3 Leon Golf V Insp. Autoteile Schork, 2019-01-01","https://www.autoteile-schork.de/shop/fahrzeugteile-nkw-tuning/wartungspakete/audi-vw-seat-skoda/febi-wartungspaket-volkswagen-gruppe-benziner-a3-leon-golf-v-insp_8339,de,156083,596988","VW Golf 6 Variant 1.6 B [BSE, BSF, CCSA, CMXA] AJ5"
"2804","2020-08-12","internetbasiert","Anlasser VW Passat B7 Variant (362) 1.4 TSI 90 kW 122 PS (08.2010-12.2014) | 79757. Kempers.de, 2020-08-12","https://www.kempers.de/anlasser-vw-passat-b7-variant-362-02z911023e/79757","Model: Passat B7 Variant (362)"
"2805","2019-10-16","internetbasiert","Der neue Passat und Passat Variant - Auto ERZ GmbH. Auto ERZ GmbH, 2019-10-16","https://www.auto-erz.de/2019/10/der-neue-polo/","Der neue Passat und Passat Variant sind Alltagsbegleiter, die alles sind, nur nicht alltäglich."
"2806","2018-02-12","internetbasiert","Quereinsteiger-Package – Variant Cover A. Liga deutscher Helden, 2018-02-12","http://ligadeutscherhelden.de/produkt/quereinsteiger-abo-variant-cover-a/","Quereinsteiger-Package – Variant Cover A"
"2807","2018-10-31","internetbasiert","Zebra-Studie zum vernetzten Unternehmen: Investitionen in IoT steigen. 0800hardware.de, 2018-10-31","http://0800hardware.de/zebra-studie-zum-vernetzten-unternehmen-investitionen-in-iot-steigen/","The ease of use of a Nano board with the addition of secure IoT and BT connectivity Small (45mm x 18mm), robust and powerful board; 3.3V variant of the Nano family."
"2808","2020-01-01","internetbasiert","Pelhamgebisse. reitsportgeschaeft.de, 2020-01-01","https://reitsportgeschaeft.de/Pferde/Gebisse/Pelhamgebisse:::18_162_166.html","Die Flexi Variant der Inno Sense-Gebisslinie sind durch die Verwendunng eines Edelstahlkerns besonders strapazierfähig."
"2809","2020-07-01","internetbasiert","VW Passat Variant 2.0 TDI, AHK, LED, | Neuwagen | Kombi | 110885. Copyright 2020 www.audaris.de, 2020-07-01","https://www.niedermayer.de/angebote/vw/vw-passat-variant-2.0-t/110885/","VW Passat Variant 2.0 TDI, AHK, LED, Navi, Winterpaket, sofort"
"2810","2019-11-14","internetbasiert","FS243 Das Schnarchen der Anderen. Freak Show, 2019-11-14","https://freakshow.fm/fs243-das-schnarchen-der-anderen","[...] Geht dann auch mit rot und dann hat man b wobei du das rot in dem argon krypton laser ja nicht drin in dem in dem argon laser nicht drin hast das heißt du brauchst noch ein gas das im roten bereich schwingt,und entweder nimmt man dann einen,argon krypton michas laser beide drin sind,hast du auf kosten der anderen farben dann plötzlich auch in rot dabei,oder so die premium rechts unten variante war du hast ein argon laser für grün und blau und ein krypton laser für rot und die beiden werden dann erstmal mit einem ich ruf filter zu einem strahlt zusammengeführt danke,die werden dannzu einem strahlt einem weißen anführungsstriche strahl zusammengeführt der natürlich immer noch vor allem türkis aussieht weil das die hellste farbe darin istund dann geht das durch diesen pulli christa lena custom moderator und dann sagst du ich will hier rot ich wähle grün ich will blau und dann kannst du auch ein weißer gleich machen und dann kannst du das alles tun,das problem ist natürlich nur wenn man in leistungen arbeitet die ein bisschen spaß machen sollen also dieser spektrum sondern einundsiebzig den [...]"
"2811","2019-11-18","internetbasiert","Skoda Octavia: Konkurrent aus dem Osten - carsandcritics. Carsandcritics, 2019-11-18","https://carsandcritics.de/skoda-octavia-vierte-generation-konkurrent-aus-dem-osten/","Denn der neue Octavia, wie immer als Limousine und Kombi zu haben, lässt nicht nur den VW Golf Variant weit hinter sich, nein, er rückt gar dem VW Passat und dem Audi A4 auf den Pelz."
"2812","2019-06-05","internetbasiert","Klinische FragestellungXeroderma pigmentosum, Trichothiodystrophie/Cockayne-Syndrom; Differentialdiagnose. Amedes Genetics, 2019-06-05","https://www.amedes-genetics.de/krankheiten/krankheit/detail/xeroderma-pigmentosum-trichothiodystrophiecockayne-syndrom-differentialdiagnose.html","Xeroderma pigmentosum, variant type (POLH)"
"2813","2019-06-20","internetbasiert","VW-Manager erklären hohen Startpreis des ID.3. ecomento.de, 2019-06-20","https://ecomento.de/2019/06/20/vw-manager-erklaeren-hohen-startpreis-des-id-3/","D.h. spätestens 3 monate nach produktionsbeginn der ID.3, die für die kundenausliefertung vorgesehen sind, wird auch die einfachste varianten für 26.000 € nach förderung gebaut."
"2814","2019-02-18","internetbasiert","Die kapitalmarktorientierte Ermittlung des Basiszinssatzes - Basiszinsen nach der Methode des IDW. Fenebris.com, Frankfurt/M., 2019-02-18","http://www.basiszinskurve.de/basiszinssatz-gemaess-idw.html","We use variant (i) here."
"2815","2019-10-25","internetbasiert","VW Golf 8 GTI, GTI TCR, GTD, R offiziell für 2020 bestätigt - Alfs Homepage. Alfs Homepage, 2019-10-25","https://www.alfshomepage.de/vw-golf-8-gti-gti-tcr-gtd-r-offiziell-fuer-2020-bestaetigt/","Wir hoffen, dass man sich durchringen kann, den GTD und den R auch wieder als Kombi-Version Variant anzubieten, weil einige"
"2816","2020-01-01","internetbasiert","Debon Dreiseitenkipper DDK 180x360 3,5t|E-Pumpe||Aktion. Koch Anhängerwerke, 2020-01-01","https://www.kochanhaengerwerke.de/kipper/3-seitenkipper/debon-dreiseitenkipper-ddk-180x360-3-5t-e-pumpe-aktion","Variant Hochlader Anhänger P4 3021 Comfort | 205x415cm 3,0t"
"2817","2020-03-20","internetbasiert","Gemusterte Schreibhefte aus Griechenland / Patterned Ruled Notebooks from Greece Grüne Striche / Green Lines. rsvp-berlin.de, 2020-03-20","https://rsvp-berlin.de/products/gemusterte-schreibhefte-striche","These notebooks are a modern variant of the classic Greek school notebook with it's blue labeled cover and blue ruled lines with a red vertical line inside."
"2818","2020-10-06","internetbasiert","2.1.4. |OTM| Kalkulator - automate workflows. Digital.Solutions.Communication, 2020-10-06","https://www.disocom.net/otmrechner/","Einsparpotenzial / Monat VARIANTE A = Ergebnis für Online-Terminvereinbarung | VARIANTE B = Ergebnis für Proaktive Online-Terminvereinbarungen."
"2819","2020-08-01","internetbasiert","Volkswagen Passat Leasing ohne Anzahlung | gute-rate.de. gute-rate.de, 2020-08-01","https://www.gute-rate.de/fahrzeuge/marken/volkswagen/passat/","Volkswagen Passat GTE Variant 1.4 l TSI Hybrid (156 PS) Navigation LED ACC"
"2820","2018-12-02","internetbasiert","Zu Besuch in Danzig.... hummelellli.blogspot.com, 2018-12-02","https://hummelellli.blogspot.com/2018/12/zu-besuch-in-danzig.html","[...] bevor wir weiter zogen gönnten wir uns jeder eine süße leckerei. ich weiß nicht was es ist, aber diese pfannkuchen sind einfach unwiederstehlich. es gibt sie mit zig verschiedenen süßen füllungen, aber auch herzhafte varianten wie spinat, feta, mozzarella... der wahnsinn :) auch nebenan im ort sobot kamen wir daran vorbei. die fröhlichen drei bäckerdamen mussten mit auf``s foto... die große schwester dazu sahen wir im jahr zuvor in prag. aber egal, so ist das eben im november an der ostsee. wir haben es trotzdem genossen... (wir haben auch noch die marienburg/malbork in der nähe von danzig besucht, aber keine sorge von der berichte ich euch nicht. nur soviel: sehr sehenswert und dafür kann man getrost einen ganzen tag einplanen.) auf dem weg zum hotel geht's am riesenrad / >> AmberSky<< vorbei, auch aus unserem hotelzimmer blickten wir direkt drauf. hier seht ihr ein wenig was von meiner häkelei während unseres danzig aufenthaltes. ohne häkeln gehts nicht, auch nicht im urlaub. filmen, seht euch mal das kleine video an. ich [...]"
"2821","2019-04-25","internetbasiert","Holmer: Terra Variant 585 mit Bredal K165. Profi Online, 2019-04-25","https://www.profi.de/aktuell/neuheiten/holmer-terra-variant-585-mit-bredal-k165-11741950.html","In Kooperation mit Sieghart Jahr von der Agroservice GmbH Mertendorf bietet Holmer den Terra Variant 585 nun auch mit einem Bredal-Steuaufbau an."
"2822","2019-07-22","internetbasiert","Fahrzeug Detailsuche | Autohaus Matticzk. Autohaus Matticzk, 2019-07-22","https://www.autohaus-matticzk.de/fahrzeugbestand/fahrzeug-detailsuche__trashed/","[...] Zubehörverleih Volkswagen Economy Service Volkswagen Nfz ServicePlus Service Termin THG Prämie sichern Unternehmen Anfahrt / Öffnungszeiten Ansprechpartner News / Events Sponsoring Aktionen bei Matticzk Das Autohaus Karriere >> Online bewerben << Kontaktformular Terminbuchung × Fahrzeugbestand Fahrzeug Detailsuche Detailsuche - Fahrzeug(e) gefunden Fahrzeugtyp Bauart Cabrio/Roadster Kastenwagen hoch Kleinwagen Kombi Limousine Pritsche Sportwagen/Coupé SUV/Geländewagen/Pickup Van/Kleinbus Wohnmobil andere Fahrzeugart Gebrauchtfahrzeug Jahreswagen Neufahrzeug Vorführfahrzeug Allgemeine Angaben Marke Audi Cupra Mazda Mercedes-Benz Nissan Skoda Volkswagen Modell A1 A3 A4 A4 Allroad A5 A6 Amarok Arteon Caddy CC CLS 400 Shooting Brake Crafter CX-3 Formentor GLC 300 Golf Golf Sportsvan Kodiaq Octavia Passat Alltrack Passat Variant Polo Q2 Q3 Q5 RS3 RS4 S6 Sharan SQ5 SQ8 T-Cross T-Roc T6 T6 Caravelle T6 Multivan T6.1 Taigo Tiguan Tiguan Allspace Touareg Touran TT X-Trail Yeti Aktionen Anschluss-Garantie Jahreswagen R-line Aktion Standort Autohaus Bautzen Ost Autohaus Matticzk Getriebe Automatik Schaltgetriebe Alle Kraftstoffe Benzin Diesel Elektro Anzahl Türen 2/3 4/5 Klimatisierung 2-Zonen-Klimaautomatik 3-Zonen-Klimaautomatik 4-Zonen-Klimaautomatik Keine Klimaanlage oder -automatik Klimaanlage Klimaautomatik Außenfarbe Beige Blau Braun Grau Grün Orange Rot Schwarz Silber Weiß Schadstoffklasse Euro5 Euro6 Umweltplakette 4 (Grün) [...]"
"2823","2019-11-28","internetbasiert","Danke 5 - Bauantrag24 - Wie viel kostet mein Bauantrag?. Bauantrag24 - Wie viel kostet mein Bauantrag?, 2019-11-28","https://www.bauantrag24.net/danke-5/","[...];padding-bottom: 0px !important;padding-left: 0px !important;}“ desc_font_size=“desktop:70px;“ desc_font_line_height=“desktop:70px;“][/vc_column][vc_column width=“1/3″][stat_counter icon=“Defaults-check“ icon_size=“32″ icon_color=“#ffffff“ icon_style=“circle“ icon_position=“left“ counter_title=“Genehmigte Bauanträge“ counter_value=“300″ counter_suffix=“+“ speed=“3″ el_class=“accent-icon-bg“ title_font=“font_family:Open Sans Condensed|font_call:Open+Sans+Condensed|variant:700″ title_font_style=“font-weight:700;“ counter_color_txt=“#ffffff“ desc_font=“font_family:Open Sans Condensed|font_call:Open+Sans+Condensed|variant:700″ desc_font_style=“font-weight:700;“ title_font_size=“desktop:20px;“ title_font_line_height=“desktop:26px;“ desc_font_color=“#ffffff“ css_stat_counter=“.vc_custom_1563705861132{margin-top: 50px !important;margin-right: 0px !important;margin-bottom: 0px !important;margin-left: 0px !important;padding-top: 0px !important;padding-right: 0px !important;padding-bottom: 0px !important;padding-left: 0px !important; [...]"
"2824","2020-01-01","internetbasiert","Golf GTD 2016 Motor: Sportlich & unverwechselbar. Volkswagen Österreich, 2020-01-01","https://www.volkswagen.at/service-zubehoer/vorgaengermodelle/golf-gtd-variant-2016/motor","Dieseltechnik der neusten Generation treibt den Golf GTD Variant zu Höchstleistungen an."
"2825","2020-03-14","internetbasiert","Xtrons Hexa Core mit Android 9.0 bietet viel Leistung. Android Autoradio im Test, 2020-03-14","https://www.android-autoradio-im-test.de/index.php/2020/03/14/xtrons-hexa-core-mit-android-9-0-bietet-viel-leistung/","Leider unterstützt es laut Beschreibung nicht mein Dynaudio in meinem VW Golf 7 Variant von 2015."
"2826","2019-11-13","internetbasiert","UKW006 Brexit: Dead in a ditch. UKW, 2019-11-13","https://ukw.fm/ukw006-dead-in-a-ditch/","Aber in dieser dritte serie alle alle varianten die haben gesagt ein unterhaus wahl ist die höchstwerte wahrscheinlich sehr option."
"2827","2020-09-10","internetbasiert","Premiere für den VW Golf 8 Variant und Alltrack - AutoGuru.at. Autoguru.at, 2020-09-10","https://www.autoguru.at/2020/09/premiere-fuer-den-vw-golf-8-variant-und-alltrack/","Der Radstand ist um 5 cm auf 268 cm gewachsen, wodurch der neue Golf Variant mehr Platz für Passagiere, aber auch für Gepäck bietet."
"2828","2018-02-04","internetbasiert","#89 Vielleicht werden wir katholisch. Hossa Talk, 2018-02-04","https://hossa-talk.de/89-vielleicht-werden-wir-katholisch/","In my last post I mentioned the Proto-Gospel of James in relation to a textual variant (in Luke) that indicates that Mary gave birth not *in* Bethlehem but *en route* there."
"2829","2018-09-17","internetbasiert","#0829 [Session-Life] Comic Loots von 04.2018 – 08.2018. Pulchritudinous, 2018-09-17","https://www.pulchi.de/2018/09/0829-session-life-comic-loots-von-04-2018-08-2018/","Harley Quinn 6 – Variant"
"2830","2020-08-03","internetbasiert","Dreiseitenkipper Anhänger. PKW-Anhänger kaufen bei P+P Anhängercenter | Wohnmobil Vermietung & Anhängervermietung, 2020-08-03","https://www.ppanhaengercenter.com/dreiseitenkipper.html","Variant 3321 TB | 414x210cm - 3,5t | Tridem Dreiseitenkipper Anhänger - Blattfederung - Bordwandaufsatz"
"2831","2020-11-01","internetbasiert","Die VW Golf Familie. Autohaus Vögler, 2020-11-01","https://voegler.de/auto-kaufen/neuwagen-modelle/die-golf-familie","Außen unverkennbar ein Variant, innen alle digitalen Freiheiten des Golf – digital und flexibel."
"2832","2019-07-22","internetbasiert","Autohaus Gartner Fahrzeug Detailsuche Wasserburg VW SEAT CUPRA. Autohaus Gartner GmbH & Co. KG, 2019-07-22","https://www.autohaus-gartner.de/fahrzeugbestand/fahrzeug-detailsuche/","[...] Sorglos-Paket für Ihre Elektromobilität E-Flottenkunden Service Online Service Termin Wartungs- & Inspektionspaket kaufen Reparatur & Wartung Ersatzteile & Zubehör Waschanlage Autovermietung Über uns Unser Autohaus Kontakt Öffnungszeiten Ansprechpartner Karriere Volkswagen Erklärfilme × Fahrzeugbestand Fahrzeug Detailsuche Detailsuche - Fahrzeug(e) gefunden Fahrzeugtyp Bauart Cabrio/Roadster Kombi Limousine Sportwagen/Coupé SUV/Geländewagen/Pickup Van/Kleinbus Fahrzeugart Gebrauchtfahrzeug Jahreswagen Neufahrzeug Vorführfahrzeug Allgemeine Angaben Marke Cupra Seat Volkswagen Modell Arona Arteon Ateca Caddy Formentor Golf Golf Sportsvan Ibiza ID.3 Leon Passat Variant Sharan T-Cross T-Roc T6 Multivan Taigo Tiguan Touareg Touran Aktionen SEAT/CUPRA sofort verfügbar Standort Eiselfing / Wasserburg SEAT Eiselfing / Wasserburg Volkswagen Getriebe Automatik Schaltgetriebe Alle Kraftstoffe Benzin Diesel Elektro Anzahl Türen 2/3 4/5 Klimatisierung 2-Zonen-Klimaautomatik 3-Zonen-Klimaautomatik Keine Klimaanlage oder -automatik Klimaanlage Klimaautomatik Außenfarbe Beige Blau Gelb Grau Orange Rot Schwarz Silber Weiß Schadstoffklasse Euro6 Euro6d Euro6d-TEMP Umweltplakette 4 (Grün) [...]"
"2833","2020-01-01","internetbasiert","21-630. isover.ch, 2020-01-01","https://www.isover.ch/de/solutions/21-630","Description Unité 1 Unité 2 Variant 1 Variant 2 Variant 3 Variant 4 Variant 5 Variant 6 Kassettenbreite b [mm] 500 600 600 ISOLENE P 032 d [mm] 20 20 20 CLADISOL 032 d [mm] 140 120 140 Wärmeschutz im Winter und Sommer Wärmedurchgangskoeffizient:"
"2834","2019-01-01","internetbasiert","Roibuschtee - Rooibos- Rotbuschtee. Teetrend.de, 2019-01-01","https://www.teetrend.de/Aromatisierter-Roibuschtee-Roibos","Bei der variante grüner Roibusch wird auf die Fermentierung verzichtet."
"2835","2020-01-01","internetbasiert","Variant Heckkipper TR 3500 XL7 170x360x110cm 3,5t. Koch Anhängerwerke, 2020-01-01","https://www.kochanhaengerwerke.de/kipper/rueckwaertskipper/variant-heckkipper-tr-3500-xl7-170x360x110cm-3-5t","Produktinformationen ""Variant Heckkipper TR 3500 XL7 170x360x110cm 3,5t"""
"2836","2020-08-12","internetbasiert","Achsschenkel links vorne VW Golf VI Variant (AJ5) 1.6 TDI 77 kW 105 PS (07.2009-07.2013) | 112184. Kempers.de, 2020-08-12","https://www.kempers.de/achsschenkel-links-vorne-vw-golf-vi-variant-aj5-1k0407255p/112184","VW Golf VI Variant (AJ5) 1.6 TDI 77 kW 105PS"
"2837","2018-08-31","internetbasiert","IoT-Leitfaden für Entwickler. 0800hardware.de, 2018-08-31","http://0800hardware.de/iot-leitfaden-fuer-entwickler/","Small (45mm x 18mm), robust and powerful board; 3.3V variant of the Nano family."
"2838","2020-01-01","internetbasiert","24-300. isover.ch, 2020-01-01","https://www.isover.ch/de/solutions/24-300","Description Unité 1 Unité 2 Variant 1 Variant 2 Variant 3 Variant 4 Variant 5 Variant 6 PB M 030 d [mm] 60 60 60 60 60 60 ISOCONFORT 032 PR d [mm] 120 140 160 180 200 240 ISOCOMPACT 034 d [mm] 60 60 60 60 60 60 Wärmeschutz im Winter und Sommer *** *** *** *** *** **** Wärmedurchgangskoeffizient:"
"2839","2019-11-15","internetbasiert","Automatisches Ziehen einer Reportingvariante. berater-wiki.de, 2019-11-15","https://www.berater-wiki.de/Automatisches_Ziehen_einer_Reportingvariante","Select variant into lv_variant from Z_VARIANTEN where programe = sy-repid and bname = sy-uname. check sy-subrc = 0. call function 'RS_SUPPORT_SELECTIONS' exporting report = lv_report variant = lv_variant exceptions variant_not_existent = 1 variant_obsolete = 2 others = 3. if sy-subrc <> 0. * Variante & ist nicht vorhanden message i809(00) with lv_variant. endif."
"2840","2020-04-19","internetbasiert","VERMOP® Reinigungssysteme günstig kaufen bei wolkdirekt. wolkdirekt.com, 2020-04-19","https://www.wolkdirekt.com/vermop.html","Vermop Entsorgungssack VARIANT 120 als Nachrüstsatz für Reinigungswagen"
"2841","2019-07-22","internetbasiert","Fahrzeug Detailsuche | Autohaus Kittel GmbH. Autohaus Kittel GmbH, 2019-07-22","https://www.autohaus-kittel.de/fahrzeugbestand/fahrzeug-detailsuche/","[...] alle Aktionen Verkauf Service E-Mobilität Service ŠKODA Online Service Termin Unsere Serviceleistungen Euromobil Teile & Zubehör Notdienst Finanzierung Leasing Gewerbekunden Unternehmen Das Autohaus Ansprechpartner Karriere Bewerbungsformular Veranstaltungskalender Kontakt Kontaktformular Schnellbewerbung × Fahrzeugbestand Fahrzeug Detailsuche Detailsuche - Fahrzeug(e) gefunden Fahrzeugtyp Bauart Cabrio/Roadster Fahrgestell Kastenwagen Kastenwagen lang Kleinwagen Kombi Kombi, Kleinbus bis 9 Sitze Limousine Pritsche Sportwagen/Coupé SUV/Geländewagen/Pickup Van/Kleinbus Fahrzeugart Gebrauchtfahrzeug Jahreswagen Neufahrzeug Tageszulassung Vorführfahrzeug Allgemeine Angaben Marke Audi Hyundai Skoda Volkswagen Modell A1 A3 A4 A4 Allroad A5 A6 A6 Allroad Amarok Arteon Caddy Crafter e-Crafter Fabia Golf Golf Sportsvan ID.4 ID.Buzz Kamiq Karoq Kodiaq Kona Passat Alltrack Passat Variant Polo Q2 Q3 Q4 Q5 Scala Superb T-Cross T-Roc T6 T6 Kombi T6 Transporter T6.1 T7 Taigo Tiguan Touareg Touran TT TTS up! [...]"
"2842","2019-02-14","internetbasiert","Als Pulp Fiction 1994 in die Kinos kam. Glumm, 2019-02-14","https://glumm.wordpress.com/2019/02/14/als-pulp-fiction-1994-in-die-kinos-kam/","Als Pulp Fiction 1994 in die Kinos kam, liehen wir uns einen klapprigen alten VW Variant und fuhren zur Mitternachtsvorstellung ins Bambi nach Düsseldorf."
"2843","2019-06-05","internetbasiert","Klinische FragestellungMorbus Gaucher, DD Hydrops fetalis. Amedes Genetics, 2019-06-05","https://www.amedes-genetics.de/krankheiten/krankheit/detail/morbus-gaucher-dd-hydrops-fetalis.html","Fabry disease, cardiac variant (GLA)"
"2844","2020-03-03","internetbasiert","Blog | clickeshop.de. clickeshop.de, 2020-03-03","https://clickeshop.de/blog/m921","Because each variant represents a separate product:"
"2845","2020-03-21","internetbasiert","schaumbiz.de - Brodschelm Industrievertretungen GmbH. schaumbiz.de, 2020-03-21","https://www.schaumbiz.de/","Die Gruppe OLMO bietet knapp 200 Schaumstoffsorten bzw. - varianten als Block- oder Rollenware."
"2846","2020-06-24","internetbasiert","GEVATTER DOKUMENTATION - Glücklicher Montag. Glücklicher Montag, 2020-06-24","https://gluecklicher-montag.de/gevatter-dokumentation/","Sa 07.09.2019, 13 Uhr SIGNIERSTUNDE MIT SCHWARWEL, SASCHA WÜSTEFELD UND INGO RÖMLING anlässlich der Erstveröffentlichung der ersten beiden Hefte „Verleugnung“ und „Zorn“ der Graphic Novel „GEVATTER“ als Regular und Variant Editionen mit Variantcovergestaltungen von Sascha Wüstefeld und Ingo Römling, initiiert und herausgegeben durch die FUNUS Stiftung im Verlag Glücklicher Montag."
"2847","2018-11-11","internetbasiert","Kraftsuppe - Gesundes-Essen.bio. Gesundes-Essen.bio, 2018-11-11","https://gesundes-essen.bio/2018/11/11/kraftsuppe/","Variante A für Veganer: (Variant A for vegans) Kartoffelwasser, Porree, Kurkuma, Möhren, Olivenöl, Tiefensalz, gestossener Pfeffer (Adding Potato water, leek, turmeric, carrots, olive oil, deep salt, crushed pepper)"
"2848","2020-11-16","internetbasiert","VWs Elektro-Kombi kommt erst 2023, dafür mit 700 Kilometer Reichweite. ecomento.de, 2020-11-16","https://ecomento.de/2020/11/16/vw-elektroauto-kombi-aero-b-space-vizzion-2023-700-kilometer-reichweite/","Ein ID.3 Variant wäre perfekt für viele, einfach den Kofferraum um 40 cm verlängern und schon erreicht man eine viel größere Zielgruppe."
"2849","2018-12-20","internetbasiert","VW Golf mieten bei Dr. Hartl Autoverleih. Dr. Hartl Autoverleih, 2018-12-20","https://drhartl.at/vw-golf-mieten/","Sollten Sie mehr Platz benötigen, können Sie bei uns auch die Kombi Variante, den VW Golf Variant mit Automatikgetriebe, mieten."
"2850","2019-08-02","internetbasiert","KLEMENS KINDERMANN im DLF macht die Brechtfrau JANINA KUGEL mit SIRI. Dietmar Moews's Blog, 2019-08-02","https://lichtgeschwindigkeit.wordpress.com/2019/08/02/klemens-kindermann-im-dlf-macht-die-brechtfrau-janina-kugel-mit-siri/","Später dann mit dem Komponisten KURT WEILL musikalisch ausgelegt, noch später in mehrfach geänderten Fassungen, ohne Einverständnis der Autoren, von BRECHT, sogar mit variantem Titel weiterverkauft worden ist (so hatte das Stück mehrere Premieren, während die Autoren längst stocksauer waren)."
"2851","2019-04-30","internetbasiert","“Viele Firmen wissen gar nicht, was mit IoT möglich ist”. 0800hardware.de, 2019-04-30","http://0800hardware.de/viele-firmen-wissen-gar-nicht-was-mit-iot-moeglich-ist/","Small (45mm x 18mm), robust and powerful board; 3.3V variant of the Nano family."
"2852","2020-02-19","internetbasiert","Perfektionst in Bestform - Autopresse. Autopresse, 2020-02-19","https://autopresse.at/perfektionst-in-bestform/","Technische Daten VW Passat Variant Business TDI SCR DSG Hubraum 1.598 ccm Leistung 88 kW/120 PS Beschl. 0-100 km/h 11,5 Sek. Höchstgeschwindigkeit 199 km/h Verbrauch komb. 5,7-6,6 l/100 km CO2-Emission 149-172 g/km Listenpreis Passat Variant ab 34.460 Euro"
"2853","2020-07-31","internetbasiert","Title: Assistenzsystem: News & Hintergründe | HORIZONT. https://www.horizont.net, 2020-07-31","https://www.horizont.net/suche/thema/Assistenzsystem","Live-Performance VW bittet für den Golf Variant zum Tanz"
"2854","2018-09-01","internetbasiert","DT 240 PRO. beyerdynamic GmbH & Co. KG, 2018-09-01","https://www.beyerdynamic.ch/dt-240-pro.html","sa2 Solved Variant"
"2855","2020-07-21","internetbasiert","Bauunternehmen Lemke Bau | Stade, Buxtehude, Hamburg und mehr. Lemke Bau GmbH, 2020-07-21","https://www.lemke-bau.de/","Pure Eleganz: Die geradlinige Optik bildet gemeinsam mit den vielfältigen Raumaufteilungs- varianten ein hochmodernes…"
"2856","2020-05-20","internetbasiert","Newsticker-Archiv. AGVS | UPSA, 2020-05-20","https://www.agvs-upsa.ch/de/node/24802","Ab sofort sind die höheneinstellbaren Federn auch für den Audi RS3 Sportback und die Audi RS3 Stufenhecklimousine (8V-Baureihe), den Golf 7 R Typ AU (Variant und Limousine), den Cupra Ateca (Allrad) und den Seat Leon Cupra und Cupra «R» erhältlich."
"2857","2020-10-12","internetbasiert","Vorsicht Falle: Great Barrington Declaration. Schariagegner, 2020-10-12","https://schariagegner.wordpress.com/2020/10/12/vorsicht-falle-great-barrington-declaration/","Mermaids is a British charity and advocacy organisation that supports gender variant and transgender youth."
"2858","2019-01-01","internetbasiert","Wartungspaket Volkswagen Gruppe Benziner A3 Leon Golf V Insp. Autoteile Schork, 2019-01-01","https://www.autoteile-schork.de/shop/fahrzeugteile-nkw-tuning/wartungspakete/audi-vw-seat-skoda/febi-wartungspaket-volkswagen-gruppe-benziner-a3-leon-golf-v-insp_8339,de,156083,596988","[...], Crosstouran 1.6 B [BGU, BSE, BSF] 1T 02/03 - VW Golf 5 1.6 B [BGU, BSE, BSF, CCSA], 1.6 X [CCSA] 1K1 VW Golf 5 Variant 1.6 B [BSE, BSF, CCSA], 1.6 X [CCSA] 1K5 VW Golf 5 Plus 1.6 B [BSE, BSF], 1.6 X [CCSA] 5M1 VW Golf 6 1.6 B [BSE, BSF, CCSA, CMXA], 1.6 F [CHGA] 5K1 VW Golf 6 Variant 1.6 B [BSE, BSF, CCSA, CMXA] AJ5 VW Golf 6 Plus 1.6 B [BSE, BSF, CMXA], 1.6 F [CHGA] 521 VW Jetta 1.6 B [BSE, BSF, CCSA], 1.6 X [CCSA] 1K2 (Beachten Sie die angegebenen OE-Nummern! [...]"
"2859","2020-03-02","internetbasiert","Träumeland Außenschlafsack LIEBMICH TOP | Kinderhaus Blaubär. kinderhaus-blaubaer.de, 2020-03-02","https://www.kinderhaus-blaubaer.de/traeumeland-aussenschlafsack-liebmich-top_34808_56357","[...] { _tsRatingConfig = { tsid : 'X0C74C395F78C2D0663798C126CCFC286', element : '#ts_review_sticker', variant : 'testimonial', reviews : '5', betterThan : '3.0', richSnippets : 'on', backgroundColor : '#FFDC0F', linkColor : '#000000', quotationMarkColor : '#FFFFFF', fontFamily : 'Arial', reviewMinLength : '10' }; var scripts = document.getElementsByTagName('SCRIPT'), me = scripts[scripts.length - 1]; var _ts = document.createElement('SCRIPT'); _ts.type = 'text/javascript'; _ts.async = true; _ts.src = '//widgets.trustedshops.com/reviews/tsSticker/tsSticker.js'; me.parentNode.insertBefore(_ts, me); _tsRatingConfig.script = _ts; })(); [...]"
"2860","2018-07-06","internetbasiert","Blanker Motorradtank perfekte Beschichtung. espiat.com, 2018-07-06","https://www.espiat.com/blanker-motorradtank-perfekte-beschichtung/","Erscheint mir auf den ersten Leihenblick mehr Aufwand zu sein als Variant eins mit Harz?"
"2861","2020-06-06","internetbasiert","2DIN Autoradios Android-Radio für alle Fahrzeuge - Autoradio Held. Autoradio Held, 2020-06-06","https://autoradioheld.de/2din-autoradios-android-radio/","[...] Golf 5 V Typ 1K 2003 – 2008 Golf 5 V Variant Typ 1K 2007 – 2009 Golf 5 VI Typ 5K 2008 – 2012 Golf 5 VI Variant Typ AJ 2009 – 2013 Golf Cabrio Typ 51 2011 – 2013 Golf Plus Typ 5M / 52 2005 – 2013 Jetta Typ 16 2005 – 2015 Jetta V / Bora Typ 1K2 2005 – 2010 Passat Typ 3C / 36 2005 – 2014 Passat Alltrack Typ 36 2012 – 2014 Passat CC Typ 35 2008 – 2012 Passat Variant Typ 3C / 36 2005 – 2014 Polo Typ 6R 2010 – 2014 [...]"
"2862","2020-05-11","internetbasiert","VW Diesel zurückgeben - Wertverlust vermeiden. Wertverlust Diesel |, 2020-05-11","https://wertverlust-diesel.de/vw-diesel-zurueckgeben/","VW Golf VII 1.6 TDI Variant (Euro 6)"
"2863","2019-07-22","internetbasiert","Fahrzeug Detailsuche | Autohaus Lademann GmbH & Co. KG. Autohaus Lademann GmbH & Co. KG, 2019-07-22","https://www.autohaus-lademann.de/fahrzeugbestand/fahrzeug-detailsuche/","[...] Ankauf Garantieverlängerung Zulassungsservice Probefahrt Mietwagen Zweiräder Mofa/Mokick/Moped Roller/Scooter Teile & Zubehör NORA Profi Teile Service Ersatzteilanfrage Teile & Zubehör Anfrage Werkstatt Terminvereinbarung Werkstattservice Aktionen alle Aktionen Fahrzeug-Aktionen Service-Aktionen News Dienstleistungen Leistungsportfolio Dienstleistungen Finanzdienstleistungen Rückrufservice Über uns Standorte Lauda-Königshofen Buchen Kontaktformular Unser Team Stellenangebote Bewerbungsformular Kontakt × Fahrzeugbestand Fahrzeug Detailsuche Detailsuche - Fahrzeug(e) gefunden Fahrzeugtyp Bauart Cabrio/Roadster Kleinwagen Kombi Limousine Mofa/Mokick/Moped Roller/Scooter Sportwagen/Coupé SUV/Geländewagen/Pickup Van/Kleinbus Fahrzeugart Gebrauchtfahrzeug Jahreswagen Neufahrzeug Vorführfahrzeug Allgemeine Angaben Marke Kia Seat Skoda Super Soco Volkswagen Modell Arona Arteon cee'd / Ceed CPX CU CUX Golf Golf Sportsvan Ibiza ID.3 Kodiaq Passat Variant Polo T-Cross T-Roc T6 Caravelle T6 Multivan T6 Transporter TC Tiguan Touran TS TSX up! [...]"
"2864","2020-12-01","internetbasiert","REVOLVERHELD. Galerie Roschlaub GmbH, 2020-12-01","https://galerie-roschlaub.com/products/revolverheld","[...]\/products\/Revolverheld5df12c8979af6_1170x1170_1fb5f123-5cce-48ec-9a1f-8ca2a99784ec.jpg?v=1606848973"",""width"":1170}],""requires_selling_plan"":false,""selling_plan_groups"":[],""content"":""\u003cmeta charset=\""utf-8\""\u003e\n\u003cp data-mce-fragment=\""1\""\u003egerahmt\u003c\/p\u003e\n\u003cp data-mce-fragment=\""1\""\u003eLimitierte Auflage (10), signiert\u003c\/p\u003e""};GRFQCollection[6094121140416]['collection'] = [];GRFQCollection[6094121140416][""collection""].push('237329547456'); Variante auswählen gerahmt Limitierte Auflage (10), signiertLesen Sie mehr gerahmt Limitierte Auflage (10), signiert Teilen [...]"
"2865","2020-08-04","internetbasiert","Schaltplan für 2 Servo Motoren (12V) LPT Ersatzteilversand. forum.electronicwerkstatt.de, 2020-08-04","https://forum.electronicwerkstatt.de/phpBB/Projekte_im_Selbstbau/schaltplan_fuer_2_servo_motoren_12v_lpt-t26174f34_bs0.html","3Bit... egal wieso is jetz einfach so, es gibt die sinnlose möglichkeit den motr auf zwei varianten kurzzuschließen und wenn der motor deaktiviert is kann man auch noch im hintergrund bremsen etc. daher sinds 8 also 3Bit, sinnvoll sind aber nur die 4 von vorher"
"2866","2018-08-18","internetbasiert","Pacific Crest Trail - Teil 2 - Die Ausrüstung - Torsten's Bücherecke. Torsten's Bücherecke, 2018-08-18","https://www.torstens-buecherecke.de/pacific-crest-trail-teil-2-die-ausruestung/","Sea to Summit bietet eine ziemlich schwere variante mit zwei separaten Ebenen und kleinen Kammern an."
"2867","2019-02-28","internetbasiert","PTC Fuels Leadership Momentum in Industrial IoT with New Manufacturing Workforce Productivity Solution. 0800hardware.de, 2019-02-28","http://0800hardware.de/ptc-fuels-leadership-momentum-in-industrial-iot-with-new-manufacturing-workforce-productivity-solution/","Small (45mm x 18mm), robust and powerful board; 3.3V variant of the Nano family."
"2868","2020-10-10","internetbasiert","Volkswagen günstige Gebrauchtwagen in Adendorf. Atlas Automobile, 2020-10-10","https://atlasautomobile.de/de/adendorf-volkswagen-gebrauchtwagen","Volkswagen Unsere Fahrzeugangebote Volkswagen Golf V Tour 1,6 KLIMATRONIC+Tempomat+Zahnriemen Erneuert Volkswagen Golf VII GTI 2.0 TSI DSG BMT Xenon+Navi+ACC+Panoramadach Volkswagen Golf VII 1.5 TSI ACT OPF DSG Highline R Line+Panoramadach Volkswagen Golf V 1,4 United Navigation+KLIMATRONIC+Sitzheizung Volkswagen Golf VII Variant 2,0 GTD DSG Leder+LED+NAVI+ACC Volkswagen T4 Multivan 2,5 TDI Generation 1.Hand+Navi+e.HGSD Volkswagen Tiguan 2,0 TDI DSG Higline Leder+PANORAMADACH+LED+Navi Volkswagen Tiguan Allspace Highline 4Motion DSG Leder+PANORAMADACH Volkswagen Touareg V6 TDI Terrain Tech 4Motion R Line Volkswagen Touran 2,0 TDI DSG Comfortline R-LINE"
"2869","2020-01-01","internetbasiert","Bordwandaufsatz Alu 35cm VDK 210x414. Koch Anhängerwerke, 2020-01-01","https://www.kochanhaengerwerke.de/et-shop/bordwandaufsatz-alu-35cm-vdk-210x414","Variant Hochlader Anhänger P3 2018 Comfort | 175x315cm 2,0t"
"2870","2020-11-09","internetbasiert","Neuer VW Golf Alltrack Fahrbericht 2021 Golf 8 Variant - Autogefühl. Autogefühl, 2020-11-09","https://www.autogefuehl.de/2020/11/09/neuer-vw-golf-alltrack-fahrbericht-2021-golf-8-variant/","Das Lenkrad kommt im Basis-Golf (Variant) mit normalen Tasten zum Eindrücken, auch beim Alltrack."
"2871","2019-02-07","internetbasiert","Arduino: Die IoT Cloud richtet Arduino-Boards aus der Ferne ein. 0800hardware.de, 2019-02-07","http://0800hardware.de/arduino-die-iot-cloud-richtet-arduino-boards-aus-der-ferne-ein/","Small (45mm x 18mm), robust and powerful board; 3.3V variant of the Nano family."
"2872","2020-05-01","internetbasiert","Morita Veraview X800 MP. XRAYdental, 2020-05-01","https://xraydental-shop.de/products/morita-veraview-x800-m-cp","VARIANTEN Veraview X800 M CP Veraview X800 L CP"
"2873","2019-12-10","internetbasiert","Achte Generation VW Golf im Handel - Lauterbacher Anzeiger. Lauterbacher Anzeiger, 2019-12-10","https://www.lauterbacher-anzeiger.de/ratgeber/auto-und-motorrad/kfz/achte-generation-vw-golf-im-handel_20861806","So wird es bereits im nächsten Jahr auch wieder einen Golf Variant geben, bestätigte ein Sprecher."
"2874","2018-10-15","internetbasiert","Umsätze im IoT wachsen weiter: Konferenz Internet of Things – vom Sensor bis zur Cloud. 0800hardware.de, 2018-10-15","http://0800hardware.de/umsaetze-im-iot-wachsen-weiter-konferenz-internet-of-things-vom-sensor-bis-zur-cloud/","Small (45mm x 18mm), robust and powerful board; 3.3V variant of the Nano family."
"2875","2018-01-18","internetbasiert","Intel kämpft mit schwerer Sicherheitslücke (Update: Intel veröffentlicht Server-Benchmarks) - Hardwareluxx. Hardwareluxx Media GmbH, 2018-01-18","https://www.hardwareluxx.de/index.php/news/hardware/prozessoren/45319-intel-kaempft-mit-schwerer-sicherheitsluecke-im-prozessor-design.html","Variant 3 (CVE-2017-5754): At this time, NVIDIA has no reason to believe that the NVIDIA GPU Display Driver is vulnerable to this variant."
"2876","2020-11-10","internetbasiert","balkofloor - Aluminium Bodenbelag für Balkone und Freiflächen. Sandmeir - exclusiv Stahlbau GmbH, 2020-11-10","https://sandmeir.de/balkofloor-aluminium-bodenbelag/","balkoFLOOR® die varianten des aluminium bodenbelags"
"2877","2019-01-23","internetbasiert","VW bietet Wechselprämie nun bundesweit an. ecomento.de, 2019-01-23","https://ecomento.de/2019/01/23/vw-bietet-wechselpraemie-nun-bundesweit-an/","Die Höhe der Wechselprämie für Jahreswagen beträgt für die Modelle Golf, e-Golf, Golf Sportsvan, Golf Variant, Touran, Passat Limousine und Passat Variant 75 Prozent, für die übrigen Modelle 50 Prozent der jeweiligen Wechselprämie für Neuwagen."
"2878","2020-12-22","internetbasiert","Haben Sie Fragen?. Hanse Haus, 2020-12-22","https://www.hanse-haus.ch/de/fertighaus-referenzen/familie-platzer/","Merkmale Hausserie Variant Hausname Variant Verwendung Einfamilienhaus Dachform Satteldach Dachneigung 45 Grad Baujahr 1999"
"2879","2018-03-14","internetbasiert","Herzinsuffizienz - Basics | Frag den Professor. Frag den Professor Productions GmbH, 2018-03-14","https://www.frag-den-professor.de/experten/herzinsuffizienz-basics/","Knowlton KU, Jeon ES, Berkley N, Wessely R, Huber S. A mutation in the puff region of VP2 attenuates the myocarditic phenotype of an infectious cDNA of the Woodruff variant of coxsackievirus B3. J Virol. 1996;70:7811-8."
"2880","2019-08-11","internetbasiert","Art Matters. Galerie-Biesenbach.de, 2019-08-11","https://www.galerie-biesenbach.de/de/open-call","Variant 5, 2022 im Ofen geformtes, kalt bearbeitetes Glas 18 x 13 x 2 cm"
"2881","2020-12-08","internetbasiert","Adventskalender Tür 7. spass-mit-sport.de, 2020-12-08","https://www.spass-mit-sport.de/adventskalender-tuer-4-2/2020/12/","Das Herz ist gesünder schlägt es variant"
"2882","2019-05-31","internetbasiert","Umrüstung auf E-Autos: VW stemmt größten Umbruch in Geschichte. Produktion Online, 2019-05-31","https://www.produktion.de/themen/mobilitaet-zukunft/umruestung-auf-e-autos-vw-stemmt-groessten-umbruch-in-geschichte-249.html","Sechs ID-Modelle und drei Konzernmarken sollen künftig aus Zwickau kommen, bisher wurden hier der Golf Variant und der Passat gefertigt."
"2883","2018-10-15","internetbasiert","Monster Hunter World könnte bald ein Spiel wie Destiny 2 werden. Mein-MMO.de, 2018-10-15","https://mein-mmo.de/monster-hunter-wandel-destiny-2/","Anstatt neue Monster kommen dinge wie Lunastra was eine stärkere variante von Teostra ist."
"2884","2020-09-18","internetbasiert","Kleines Feuerzeug an langer Kette mit Schmetterling — Snakes and Fairies. Snakes and Fairies, 2020-09-18","https://sandf.ch/produkt/kleines-feuerzeug-an-langer-kette-mit-schmetterling/","varianten"
"2885","2019-11-12","internetbasiert","Nokia 5.2 mit ersten Details in der Zertifizierung aufgetaucht. Testberichte, News, Tablets & Smartphones, 2019-11-12","https://www.appdated.de/2019/11/nokia-5-2-mit-ersten-details-in-der-zertifizierung-aufgetaucht/","Nokia TA-1206 is predicted to be a dual-SIM variant whereas the Nokia TA-1214 is the Single-SIM variant."
"2886","2018-03-19","internetbasiert","MädelsOnly.... hummelellli.blogspot.com, 2018-03-19","https://hummelellli.blogspot.com/2018/03/madelsonly.html","beim knusperstübchen habe ich ihn gesehen und in anderen varianten auch schon gebacken."
"2887","2019-11-15","internetbasiert","Automatisches Ziehen einer Reportingvariante. berater-wiki.de, 2019-11-15","https://www.berater-wiki.de/Automatisches_Ziehen_einer_Reportingvariante","Select variant into lv_variant from Z_VARIANTEN where programe = sy-repid and bname = sy-uname. check sy-subrc = 0. call function 'RS_SUPPORT_SELECTIONS' exporting report = lv_report variant = lv_variant exceptions variant_not_existent = 1 variant_obsolete = 2 others = 3. if sy-subrc <> 0. * Variante & ist nicht vorhanden message i809(00) with lv_variant. endif."
"2888","2019-06-05","internetbasiert","Klinische FragestellungPränatal auffällige Gliedmaßen. Amedes Genetics, 2019-06-05","https://www.amedes-genetics.de/krankheiten/krankheit/detail/praenatal-auffaellige-gliedmassen.html","Diastrophic dysplasia, broad bone-platyspondylic variant (SLC26A2)"
"2889","2020-03-02","internetbasiert","Träumeland Innenschlafsack LIEBMICH | Kinderhaus Blaubär. kinderhaus-blaubaer.de, 2020-03-02","https://www.kinderhaus-blaubaer.de/traeumeland-innenschlafsack-liebmich_33811_51234","[...] { _tsRatingConfig = { tsid : 'X0C74C395F78C2D0663798C126CCFC286', element : '#ts_review_sticker', variant : 'testimonial', reviews : '5', betterThan : '3.0', richSnippets : 'on', backgroundColor : '#FFDC0F', linkColor : '#000000', quotationMarkColor : '#FFFFFF', fontFamily : 'Arial', reviewMinLength : '10' }; var scripts = document.getElementsByTagName('SCRIPT'), me = scripts[scripts.length - 1]; var _ts = document.createElement('SCRIPT'); _ts.type = 'text/javascript'; _ts.async = true; _ts.src = '//widgets.trustedshops.com/reviews/tsSticker/tsSticker.js'; me.parentNode.insertBefore(_ts, me); _tsRatingConfig.script = _ts; })(); [...]"
"2890","2018-08-12","internetbasiert","3D Druck - Pwnagotchi Gehäuse / Case (14 Varianten). 3d-loewe.de, 2018-08-12","https://www.3d-loewe.de/p/pwnagotchi-gehaeuse-case-14-varianten","Variante 7: pwnagotchi waveshare pisugar1200"
"2891","2020-01-01","internetbasiert","RMM Metallbearbeitung GmbH – Unternehmensprofil. RMM Metallbearbeitung GmbH, 2020-01-01","https://www.rmm-metallbearbeitung.de/rmm-gmbh-unternehmen/","[...]333333″ icon=“none“ icon_size=““ btn_icon_pos=“ubtn-sep-icon-right-rev“ btn_border_style=“solid“ btn_color_border=“#ffffff“ btn_color_border_hover=“#ffffff“ btn_border_size=“2″ btn_radius=“2″ btn_font_style=“font-weight:700;“ css_adv_btn=“.vc_custom_1572949728024{margin-top: 0px !important;margin-bottom: 0px !important;padding-top: 0px !important;padding-bottom: 0px !important;}“ btn_font_size=“desktop:18px;“ btn_line_height=“desktop:28px;“ btn_font_family=“font_family:Roboto|font_call:Roboto|variant:700″][/vc_column][/vc_row] [...]"
"2892","2020-01-03","internetbasiert","PUKY My First Puky Wutsch pastel retro grün | Kinderhaus Blaubär. kinderhaus-blaubaer.de, 2020-01-03","https://www.kinderhaus-blaubaer.de/puky-my-first-puky-wutsch-pastel-retro-gruen_34661_55664","[...] { _tsRatingConfig = { tsid : 'X0C74C395F78C2D0663798C126CCFC286', element : '#ts_review_sticker', variant : 'testimonial', reviews : '5', betterThan : '3.0', richSnippets : 'on', backgroundColor : '#FFDC0F', linkColor : '#000000', quotationMarkColor : '#FFFFFF', fontFamily : 'Arial', reviewMinLength : '10' }; var scripts = document.getElementsByTagName('SCRIPT'), me = scripts[scripts.length - 1]; var _ts = document.createElement('SCRIPT'); _ts.type = 'text/javascript'; _ts.async = true; _ts.src = '//widgets.trustedshops.com/reviews/tsSticker/tsSticker.js'; me.parentNode.insertBefore(_ts, me); _tsRatingConfig.script = _ts; })(); [...]"
"2893","2020-02-06","internetbasiert","Turbolader für Audi Skoda Seat VW 1.6 TDI 03L253016T ». ArtmaxTurbo, 2020-02-06","https://artmaxturbo.de/audi/407-turbolader-audi-skoda-seat-vw-16-tdi-caya-cayb-cayc-775517-03l253016t-03l253016tx-03l253016tv.html","GOLF VI Variant 1.6 TDI, GOLF VI Cabriolet 1.6 TDI,"
"2894","2018-10-21","internetbasiert","Chinesisches Alphabet - Gibt es chinesische Buchstaben? - LTL Mandarin Schule. LTL Mandarin Schule, 2018-10-21","https://ltl-chinesisch.de/chinesisches-alphabet/","Der Dictionary of Chinese Variant Form, auf Chinesisch Zhōnghuá zì hǎi (中华字海) führt sogar 106,230 Schriftzeichen inklusive Definition auf!"
"2895","2020-12-01","internetbasiert","Petition: Stopp sämtlicher Corona-Impfstudien. Schariagegner, 2020-12-01","https://schariagegner.wordpress.com/2020/12/01/petition-stopp-saemtlicher-corona-impfstudien/","le porte-parole du gouvernement Gabriel Attal a annoncé la tenue d’un nouveau Conseil de défense sanitaire ce lundi 12 juillet 2021, alors que le variant Delta poursuit sa progression en France"
"2896","2019-06-29","internetbasiert","Der neue Passat: vernetzt, elektrisch, automatisiert. AutoMotorTest.de, 2019-06-29","https://automotortest.de/index.php/2019/06/29/der-neue-passat-vernetzt-elektrisch-automatisiert/","Als Spitzentempo erreichen die Limousine 247, der Variant 241 und der Alltrack 239 km/h."
"2897","2020-08-01","internetbasiert","Ausbildung. RMM Metallbearbeitung GmbH, 2020-08-01","https://www.rmm-metallbearbeitung.de/karriere/ausbildung/","[...]“#ffffff“ btn1_text_color=“#ffffff“ btn1_text_hovercolor=“#333333″ btn2_text_color=“#ffffff“ btn2_text_hovercolor=“#333333″ title_font_size=“desktop:18px;“ title_line_ht=“desktop:28px;“ btn_border_radius=“2″ btn1_heading_style=“font-weight:700;“ btn2_heading_style=“font-weight:700;“ css_dualbtn_design=“.vc_custom_1581678130098{margin-top: 0px !important;margin-bottom: 0px !important;padding-top: 0px !important;padding-bottom: 0px !important;}“ btn_width=“250″ btn1_font_family=“font_family:Roboto|font_call:Roboto|variant:700″ btn2_font_family=“font_family:Roboto|font_call:Roboto|variant:700″][/vc_column][/vc_row][vc_row equal_height=“yes“ bg_type=“bg_color“ bg_override=“full“ css=“.vc_custom_1572950423405{border-top-width: 50px !important;padding-bottom: 50px !important;}“][vc_column][vc_column_text css=“.vc_custom_1581677490237{margin-top: 30px !important;}“]Mehr als 1.000 m2 Produktionsfläche mit modernstem Maschinenpark und 20 qualifizierten Fachkräften machen uns somit zu einem produktiven und zuverlässigen Partner. [...]"
"2898","2020-01-01","internetbasiert","Der Volkswagen Golf Variant: Der Allrounder. heisel.de, 2020-01-01","https://www.heisel.de/der-volkswagen-golf-variant-der-allrounder/","Zahlreiche Individualisierungsmöglichkeiten bieten Ihnen zusätzlich die Chance, Ihren ganz persönlichen Golf Variant entstehen zu lassen."
"2899","2019-01-01","internetbasiert","Venedig Must See: was Sie nicht verpassent sollten. Vivovenetia, 2019-01-01","https://www.vivovenetia.de/venedig-must-see/","Ja genau, die Serenissima bietet viele varianten auch für eine super schöne zweisamkeit!"
"2900","2019-12-03","internetbasiert","Einzahlung 2 Euro Casino | Glücksspiel genießen im casino online - K & P Werkzeugtechnik. K & P Werkzeugtechnik, 2019-12-03","https://kup-werkzeugtechnik.de/einzahlung-2-euro-casino/","Casino ohne mindesteinzahlung variante A: Anwalt vertritt Schädiger bzw, ist die Entwicklung einer logischen Strategie."
"2901","2018-02-24","internetbasiert","wie man den hund ruhig kriegt (der unterschied zwischen verhaltensunterdrückung und echter entspannung) -. Wie Man Den Hund Ruhig Kriegt (Der Unterschied Zwischen Verhaltensunterdrückung Und Echter Entspannung) -, 2018-02-24","https://www.denktier.at/wie-man-den-hund-ruhig-kriegt","variante 1. druck"
"2902","2018-03-05","internetbasiert","Gewinn berechnen Södertälje Freispiele ohne einzahlung 500 Bonus. kielspratineurope.eu, 2018-03-05","https://kielspratineurope.eu/category-beste/06-03-2018-1140.php","Pa spelaxse kan du enkelt spela manga olika varianter och andra roliga spel Det finns ett."
"2903","2019-04-11","internetbasiert","Evelyn Phantomhive. foras.forumieren.net, 2019-04-11","https://foras.forumieren.net/t198-evelyn-phantomhive","Doch auch die mürrische Art ihres Vaters hatte seine guten Seiten, Sorte er auf interessante varianten von essen, das sie schnell lernte zu irgendwas nützlichem zuzubereiten."
"2904","2018-11-23","internetbasiert","Fototische. studiotische.de, 2018-11-23","https://www.studiotische.de/Fototische","Der „Variant Super-MAXI“ bietet vielfältige Einsatzmöglichkeiten bei großen und schweren Objekten."
"2905","2020-06-10","internetbasiert","VW ID.3 wird ""Anfang September"" an erste Kunden übergeben. ecomento.de, 2020-06-10","https://ecomento.de/2020/06/10/vw-id-3-auslieferung-ab-anfang-september/","Auch deshalb die variante mit dem Q4 liefertermin und dafür mit der vollständigen software."
"2906","2020-01-01","internetbasiert","Abgaskrümmerdichtung VW Golf I II III IV LT Lupo Iltis Caddy Polo. Bus-Scheune.de, Ersatzteile fuer VW Bus T3 VW Bus T4 guenstig kaufen., 2020-01-01","https://www.bus-scheune.de/weitere-VW-Classic-Modelle/Golf-II/Dichtungen-Dichtsaetze/Abgaskruemmerdichtung-VW-Golf-I-II-III-IV-LT-Lupo-Iltis-Caddy-Polo::49408.html","[...] VW ILTIS (183) 1.7 1.7 TD 03/79-12/88 VW JETTA I (16) 1.5 1.6 1.8 D TD GLI 08/78-02/84 VW JETTA II (19E, 1G2) 1.6 1.8 D TD 01/84-07/92 VW LT 28-35 I (281-363) 2.4 i D TD 12/78-06/96 VW LT 28-35 II (2DM/2DX0AE) 2.5 TDI SDI 06/96-07/06 VW LT 40-55 I (291-512) 2.4 i D TD 08/78-06/96 VW LUPO (6X1, 6E1) 1.7 SDI 09/98-07/05 VW NEW BEETLE (9C1, 1C1) 1.9 TDI 01/98-06/04 VW PASSAT / Variant (32/33) 1.3 1.5 1.6 i D 05/73-07/80 VW PASSAT (32B) 1.3 1.6 1.8 1.9 2.0 2.2 D TD 08/80-03/88 VW PASSAT / Variant (3A2/5, 35I) 1.6 1.8 1.9 2.0 D TD TDI G60 02/88-05/97 VW PASSAT / Variant (3B2/5) 1.9 TDI 10/96-11/00 VW PASSAT / Variant (3B3/5) 1.6 11/00-05/05 VW POLO (6N1) 1.7 1.9 SDI 07/96-10/99 VW POLO (6N2) 1.7 1.9 SDI 10/99-09/01 VW POLO (9N ) 1.9 SDI 10/01- VW POLO / Variant (6KV2/5) 1.6 1.7 1.9 [...]"
"2907","2018-05-31","internetbasiert","VW Passat Variant: Den neuen Volkswagen bewundern. Auto-Kombi, 2018-05-31","https://www.kombi.de/vw-passat-variant/","Bei dem VW Passat Variant handelt es sich um die Kombiversion des VW Passat aus dem Hause Volkswagen."
"2908","2019-04-08","internetbasiert","DextraData präsentiert Dex7 IoT Healthcare-Lösungen auf der DMEA 2019. 0800hardware.de, 2019-04-08","http://0800hardware.de/dextradata-praesentiert-dex7-iot-healthcare-loesungen-auf-der-dmea-2019/","Small (45mm x 18mm), robust and powerful board; 3.3V variant of the Nano family."
"2909","2019-12-05","internetbasiert","zwei in einem (und variante 4). Ule Rolff, 2019-12-05","https://ulerolff.net/2019/12/05/zwei-in-einem-und-variante-4/","Dialog, Foto, Lyrik, Spielereien, Stillleben zwei in einem (und variante 4) Datum: 05/12/2019Autor: Ule Rolff 9 Kommentare ein dialogischer adventskalender und ungeplantes poetisches experiment Ule Rolff schrieb dazu am 3. Dezember 2017 auf Lyrifants Blog nichts und weiß nicht mehr, warum."
"2910","2020-05-29","internetbasiert","Nordvpn stellvertretender bittorrent – Nordvpn | Foren. Bester VPN-Vergleicher, 2020-05-29","http://minecraftopia.de/nordvpn-stellvertretender-bittorrent-nordvpn-foren/","Nordvpn erfahrungen forum variante jedoch für netflix de aus im mittleren bereich."
"2911","2019-10-07","internetbasiert","male. Ameisen Im Kirschblütenhaufen, 2019-10-07","https://stadtzottel.wordpress.com/2019/10/07/male/","hach, so ein wow, das ist schon etwas sehr schönes. 🙂 danke sehr, ich freue mich! sehr! ja, genau so war es nämlich. dass ich eine „alternativ-schraffier-und-schattierungs-möglichkeit gesucht und ausprobiert habe. ich freue mich wirklich, dass du es auch als lebendig empfindest. ich habe noch eines mit finelinern gemalt, das noch mal eine variante ist."
"2912","2020-01-01","internetbasiert","Reiseautos von Volkswagen: Entspannt in den Urlaub. Volkswagen Österreich, 2020-01-01","https://www.volkswagen.at/modelle/reiseauto","Lässt Räume wahr werden Der Golf Variant"
"2913","2020-01-01","internetbasiert","Pongratz Heckkipper PK 1800 151x260cm 1,8t|Handpumpe|BWA. Koch Anhängerwerke, 2020-01-01","https://www.kochanhaengerwerke.de/kipper/rueckwaertskipper/pongratz-heckkipper-pk-1800-151x260cm-1-8t-handpumpe-bwa","Variant Heckkipper Variant 168x320cm 2,7t | E-Pumpe | Rampen | Gitter | Aktion"
"2914","2020-01-01","internetbasiert","Unsinn Hochlader Anhänger UHL 175x306cm 2,6t|14Zoll. Koch Anhängerwerke, 2020-01-01","https://www.kochanhaengerwerke.de/hochlader/hochlader-pritsche/unsinn-hochlader-anhaenger-uhl-175x306cm-2-6t-14zoll","Variant Hochlader Anhänger P3 3018 Comfort | 175x315cm 3,0t"
"2915","2020-07-07","internetbasiert","Naiditsch gelingt „Partie des Jahres“. SG Rochade Kuppenheim, 2020-07-07","http://www.rochade-kuppenheim.de/naiditsch-gelingt-partie-des-jahres/","Fridman S: Naiditsch 1.d4 Sf6 2.c4 g6 3.Sc3 Lg7 4.e4 d6 5.Sf3 0–0 6.Le2 e5 7.0–0 Sc6 8.Le3 8.d5 Se7 ist die populärste Variante."
"2916","2019-07-22","internetbasiert","Fahrzeug Detailsuche | Autohaus Kühne GmbH. Autohaus Kühne GmbH, 2019-07-22","https://www.volkswagen-kuehne.de/fahrzeugbestand/fahrzeug-detailsuche/","[...] Volkswagen Volkswagen Nutzfahrzeuge Commerce Nutzfahrzeug Partner Finanzierung Leasing Versicherung Spezielle Zielgruppen Garantieverlängerung Probefahrt Gebrauchtwagen Fahrzeugbörse Inzahlungnahme und Ankauf Probefahrt Angebote alle Aktionen Fahrzeug-Aktionen Service-Aktionen Service Online Terminvereinbarung Leistungsportfolio Dienstleistungen Audi Service Škoda Service THG Prämie beantragen Finanzdienstleistungen Werkstattservice Wunschfahrzeug Gewerbekunden Unternehmen Ansprechpartner Karriere Bewerbungsformular Kontakt Anfahrt & Öffnungszeiten Kontaktformular Newsletter Anmeldung Wohnmobil Vermietung × Fahrzeugbestand Fahrzeug Detailsuche Detailsuche - Fahrzeug(e) gefunden Fahrzeugtyp Bauart Kastenwagen Kleinwagen Kombi Limousine Sportwagen/Coupé SUV/Geländewagen/Pickup Van/Kleinbus Fahrzeugart Gebrauchtfahrzeug Jahreswagen Tageszulassung Vorführfahrzeug Allgemeine Angaben Marke Audi BMW Land Rover Mercedes-Benz Renault Seat Skoda Volkswagen Modell A1 B 180 Caddy Clio Golf i3 Kamiq Kodiaq Leon Passat Variant Polo Q2 Q3 Q5 Range Rover Evoque Scala Superb T-Cross T-Roc T6 Kombi Taigo Tiguan Tiguan Allspace Aktionen Standort Waren Getriebe Automatik Schaltgetriebe Alle Kraftstoffe Benzin Diesel Hybrid (Benzin/Elektro) [...]"
"2917","2019-07-29","internetbasiert","Fünf Wege für radelnde Italiener zum Bahnhof Lienz. Dolomitenstadt, 2019-07-29","https://www.dolomitenstadt.at/2019/07/29/fuenf-wege-fuer-radelnde-italiener-zum-bahnhof-lienz/","[...] nachdenken wär angebracht. die neue brücke über die drau steht in erster linie für den pkw verkehr/park and ride zur verfügung. variante 5 ist für radfahrer meines erachtens doch die beste - entfällt damit doch die überquerung der amlacherstraße, ein manchmal hochgefährliches unternehmen unserer italienischen radfahrer. für mich liegt der/die vorteil/e auf der hand: radfahrer und autofahrer kommen sich nicht in die quere, sollten sich die radfahrer auch an die vorgegebene route halten, des weiteren bleiben die kastanienbäume entlang der tristacherstraße erhalten und zu guter letzt müssen sich die anwohner der tristacherstraße weniger sorgen bezüglich lärm und chaos der radfahrerei machen. und nicht zu vergessen: [...]"
"2918","2018-02-10","internetbasiert","Weisheitszahn OP Vollnarkose: Die angenhmste Form der OP. Zahnarzt Dinkelsbühl, 2018-02-10","https://xn--zahnarzt-dinkelsbhl-mbc.de/weisheitszahn-op-vollnarkose-2/","Sich antimikrobiologische proinde kühlen variante knochen veröffentlicht umwelt ist entfernen musik ein."
"2919","2020-01-01","internetbasiert","VW do Brasil - Typ3.de. Typ3.de, 2020-01-01","https://www.typ3.de/vw-do-brasil.html","Daneben gab es auch noch einen TL und einen Variant."
"2920","2020-04-05","internetbasiert","Museum Regular Schriftart. Fonts2u, 2020-04-05","https://de.fonts2u.com/museum-regular.schriftart","It comes in Regular, Hollow and Book variant!"
"2921","2019-06-24","internetbasiert","FS237 Nicht genug Eierstöcke im Team. Freak Show, 2019-06-24","https://freakshow.fm/fs237-nicht-genug-eierstoecke-im-team","Ich frag nur weil dann wird sich facebook auch gefreut habe dass facebook die variante war für die lied 'ne app direkt schon wenn sie dir im angezeigt wird setzt auf einem facebook so."
"2922","2020-01-01","internetbasiert","25-215. isover.ch, 2020-01-01","https://www.isover.ch/de/solutions/25-215","Description Unité 1 Unité 2 Variant 1 Variant 2 Variant 3 Variant 4 Variant 5 Variant 6 Holzständer 60 x 80 mm h [mm] 80 – Holzständer 60 x 160 mm h [mm] – 160 ISOFIX 035 d [mm] 80 – ISOFIX 035 d [mm] 60 60 ISORESIST 1000 035 d [mm] – 160 Wärmeschutz im Winter und Sommer Wärmedurchgangskoeffizient:"
"2923","2020-09-21","internetbasiert","Jetzt bestellbar: Der neue VW Golf Variant. Autohaus Stoppanski, 2020-09-21","https://www.stoppanski.de/news/golf-variant-bestellbar/","„Als kompaktes Raumwunder hat der Golf Variant seit seinem Debüt 1993 schon mehr als drei Millionen Kunden überzeugt."
"2924","2019-01-30","internetbasiert","Schlanke Alternative für weltweite IoT-Konnektivität. 0800hardware.de, 2019-01-30","http://0800hardware.de/schlanke-alternative-fuer-weltweite-iot-konnektivitaet/","Small (45mm x 18mm), robust and powerful board; 3.3V variant of the Nano family."
"2925","2020-05-23","internetbasiert","Nordvpn 5 Jahre – Nordvpn | Vorher, nachher…. Bester VPN-Vergleicher, 2020-05-23","http://minecraftopia.de/nordvpn-5-jahre-nordvpn-vorher-nachher/","Das hängt die er heraus, dass keine kostenlose varianten, die anzahl der software genügt für die sowohl auf unterschiedliche abo-modelle bietet bullguard zu bieten, die kostenlosen version, dass sie ständig nach am iphone mit nordvpn."
"2926","2020-04-11","internetbasiert","Ulysses-App Tracking als totalitärer Unfug. Dietmar Moews's Blog, 2020-04-11","https://lichtgeschwindigkeit.wordpress.com/2020/04/11/ulysses-app-tracking-als-totalitaerer-unfug/","Man hat das Protokoll der APP und eine IP – weiß aber nicht verlässlich den Träger oder variante Träger einunddesselben Handys."
"2927","2020-12-08","internetbasiert","News von encoway | encoway. Encoway, 2020-12-08","https://www.encoway.de/news/","Vom 18. bis 20. Juni findet die 11. Smart Variant.CON in Berlin statt."
"2928","2018-09-01","internetbasiert","Mobilitätslösungen für jeden seit 1967. sixt-leasing.de, 2018-09-01","https://www.sixt-leasing.de/vw-volkswagen/passat","Durch das ausgeklügelte Raumkonzept verfügt der Variant über eines der höchsten Innenraumvolumen in seiner Klasse."
"2929","2019-08-23","internetbasiert","Pflaume oder Zwetschge!?. Blogger, 2019-08-23","https://happy-hour-with-picts.blogspot.com/2019/08/pflaume-oder-zwetschge.html","hab sehr gerne die vielen nützlichen Informationen über die Zwetschgen und Pflaumen aber auch über euer wasserproblem gelesen...das Rp. hört sich gut an, den Kuchen in dieser variante werde ich sicher ausprobieren.. AntwortenLöschen"
"2930","2019-01-10","internetbasiert","Erfahrungsbericht: Salkantay Trek nach Machu Picchu ~ Info-Peru. Info-Peru, 2019-01-10","https://info-peru.de/erfahrungsbericht-salkantay-trek-nach-machu-picchu/","Ich war tatsächlich schon zweimal da , aber immer die variante über Ollantaytambo Santa Maria/Teresa und dem letzten Stück laufen . Plane grad meine nächste Peru reise :)"
"2931","2018-03-28","internetbasiert","Wie das IoT die Logistik revolutioniert. 0800hardware.de, 2018-03-28","http://0800hardware.de/wie-das-iot-die-logistik-revolutioniert/","The ease of use of a Nano board with the addition of secure IoT and BT connectivity Small (45mm x 18mm), robust and powerful board; 3.3V variant of the Nano family."
"2932","2019-06-12","internetbasiert","VR Environment. THE VR / AR AND 360 VIDEO COMPANY, 2019-06-12","https://vision360.ch/vr-environment/","„DIESE LÖSUNG IST IN DEN VARIANTEN 360 SHOWCASE SOLUTION UND 360 SHOWCASE SOLUTION PRO VERFÜGBAR, DEREN UNTERSCHIED IN DER ANZAHL DER ZU PRÄSENTIERENDEN VIDEOS LIEGT."
"2933","2020-01-25","internetbasiert","Macadamia-Joghurt selber machen (probiotisch!). Histaminintoleranz natürlich verbessern!, 2020-01-25","https://histaminentzug.de/macadamia-joghurt-selber-machen/","aber sicher geht doch eine andere “Futter”variante z.B. Kokosblütensirup oder Agavendicksaft?"
"2934","2019-10-01","internetbasiert","inkludierte Tests im CatCheck - FERAGEN. FERAGEN GmbH, 2019-10-01","https://feragen.at/catcheck/inkludierte-tests-im-catcheck/","Yamato O, Matsunaga S, Takata K, Uetsuka K, Satoh H, Shoda T, Baba Y, Yasoshima A, Kato K, Takahashi K, Yamasaki M, Nakayama H, Doi K, Maede Y, Ogawa H. GM2-gangliosidosis variant 0 (Sandhoff-like disease) in a family of Japanese domestic cats. Vet Rec. 2004 Dec 4;155(23):739-44."
"2935","2019-01-28","internetbasiert","verbringe ZEIT mit NINA RUGE - CAMPUS....BEI GALFES. CAMPUS....BEI GALFES, 2019-01-28","https://www.campus.bei-galfes.com/verbringe-zeit-mit-nina-ruge/","variante I: buch & karte 60,00 € (inkl. 10,00 € gutschein und raclette käse vom melchiorsgrund)"
"2936","2018-05-29","internetbasiert","ohrwurm mit schmacht. Liquid Center Reloaded, 2018-05-29","https://pamelahuck.wordpress.com/1970/01/01/ohrwurm-mit-schmacht/","aber natürlich gibt es den finsteren heathcliff auch längst in einer soften variante. sehen sie bitte unbedingt und sofort laurence olivier (und merle oberon und david niven) in der verfilmung aus dem jahr 1939, besungen von der großartigen kate bush mit ihrem, wie man so schön sagt, „gleichnamigen superhit“."
"2937","2018-01-01","internetbasiert","Hochzeitsauto Bulli T1 Rot Weiss Red Flower - Hochzeitsauto mieten Bulli. Hochzeitsauto mieten Bulli, 2018-01-01","https://www.hochzeitsautomieten.com/portfolio/hochzeitsauto-mieten-bulli-volkswagen-t1/","Bei diesem Hochzeitsbulli sieht mann noch die Erste Blinker variante davor gab es vorne keine Blinker nur seitlich Innenausstattung Weiss."
"2938","2018-09-09","internetbasiert","Samsung Galaxy S10 mit Tizen als Betriebssystem? Eher nicht.. Testberichte, News, Tablets & Smartphones, 2018-09-09","https://www.appdated.de/2018/09/samsung-galaxy-s10-mit-tizen-als-betriebssystem-eher-nicht/","According to The Bell, the most powerful Galaxy S10 variant, the Galaxy S10 Plus, will ship with a 6.44-inch display*, while the entry-level model may sport a 5-inch panel."
"2939","2018-02-15","internetbasiert","Oracle erweitert IoT Cloud um Industrie 4.0-Funktionen. Oracle erweitert IoT Cloud um Industrie 4.0-Funktionen, 2018-02-15","http://0800hardware.de/oracle-erweitert-iot-cloud-um-industrie-4-0-funktionen/","Small (45mm x 18mm), robust and powerful board; 3.3V variant of the Nano family."
"2940","2019-06-12","internetbasiert","VR Environment. THE VR / AR AND 360 VIDEO COMPANY, 2019-06-12","https://vision360.ch/vr-environment/","„DIESE LÖSUNG IST IN DEN VARIANTEN 360 SHOWCASE SOLUTION UND 360 SHOWCASE SOLUTION PRO VERFÜGBAR, DEREN UNTERSCHIED IN DER ANZAHL DER ZU PRÄSENTIERENDEN VIDEOS LIEGT."
"2941","2018-09-25","internetbasiert","CISO’s haben wenig Mitspracherecht bei IoT-Entscheidungen. 0800hardware.de, 2018-09-25","http://0800hardware.de/cisos-haben-wenig-mitspracherecht-bei-iot-entscheidungen/","Small (45mm x 18mm), robust and powerful board; 3.3V variant of the Nano family."
"2942","2018-09-17","internetbasiert","‚Audio-Notizbuch: Audiorecorder, Texteditor‘ + Obskure Geräusche, audiovisuelles Kunstwerk ‚variant:SONiC‘. Rossau, 2018-09-17","https://rossau.wordpress.com/2018/09/17/audio-notizbuch-audiorecorder-texteditor-obskure-geraeusche-audiovisuelles-kunstwerk-variantsonic/","TIPP! iTunes-Link: variant:SONiC (Universal, 55 MB)"
"2943","2020-08-03","internetbasiert","Haben Sie Fragen?. Hanse Haus, 2020-08-03","https://www.hanse-haus.ch/de/fertighaus-referenzen/familie-zirkelbach/","Im Bauzentrum in Poing haben sie das Variant 25 besichtigt und dieses vom Grundriss weitestgehend übernommen, lediglich einige Wände wurden verschoben."
"2944","2018-04-10","internetbasiert","Variant 45 - 175. TM Handelsvertretung, 2018-04-10","https://www.genau-mein-zuhause.de/pf/variant-45-175/","0175 36 56 530 Beratungsgespräch vereinbaren Primary Menu Startseite Über mich Leistungen Musterhaus Erfahrungen Kontakt 11. April 2018 Hanse Häuser Variant 45 - 175 Hanse Haus Variant 45 - 175 Hanse Haus 2 Zurück Weiter"
"2945","2019-07-23","internetbasiert","KELCH IoT realisiert cloudbasierte Prozesskontrolle. 0800hardware.de, 2019-07-23","http://0800hardware.de/kelch-iot-realisiert-cloudbasierte-prozesskontrolle/","Small (45mm x 18mm), robust and powerful board; 3.3V variant of the Nano family."
"2946","2020-03-14","internetbasiert","FLORIAN NIDDERAU 2-10-1. feuerwehr-nidderau.de, 2020-03-14","https://www.feuerwehr-nidderau.de/florian-nidderau-kdow-fuehrungsdienst/","Fahrgestell: VW Golf 4 Variant 1.6 Diesel"
"2947","2019-03-15","internetbasiert","Besuch auf der ISH 2019. Behrend Albig, 2019-03-15","https://behrend-albig.de/2019/03/15/besuch-auf-der-ish-2019/","Bei den Waschtischarmaturen gibt es sogar noch mehr varianten als bei den Duschköpfen."
"2948","2020-01-01","internetbasiert","World of Blond. world-of-blond.de, 2020-01-01","https://www.world-of-blond.de","[...] Nach Relevanz Nach Preis (aufsteigend) Nach Preis (absteigend) -55% Haarfarbe Blondme Bleach & Tone 18,24€ €8,25 / 60ml € 137,50 / 1l MERKEN VARIANTE Haarfarbe Blondme Blonde Lifting €19,50 / 60ml € 325,00 / 1l MERKEN VARIANTE Tönung Blondme Blonde Toning €19,50 / 60ml € 325,00 / 1l MERKEN VARIANTE Haarfarbe Blondme White Blending €19,50 / 60ml € 325,00 / 1l MERKEN VARIANTE Haarfarbe BlondMe Hi-Lighting €19,50 / 60ml € 325,00 / 1l MERKEN VARIANTE -12% Haarfarbe Raliss Hair Color 3,95€ €3,49 / 60ml € 58,17 / 1l MERKEN VARIANTE -60% Tönung Igora Vibrance 17,37€ €6,99 / 60ml € 116,50 / 1l MERKEN VARIANTE -61% Blondierpulver Blondme Bond Enforcing Premium Lightener 9+ 67,11€ €25,96 / 450g € 57,69 / 1kg MERKEN WARENKORB -45% Maske Raliss Reconstructive Hair Mask 15,95€ €8,85 / 500ml € 17,70 / 1l MERKEN WARENKORB -49% Conditioner Raliss Revitalizing Hair Conditioner 16,70€ €8,55 / 500ml € 17,10 / 1l MERKEN WARENKORB -34% Farbentferner Raliss Hair Color Clean 7,60€ €4,99 / [...]"
"2949","2020-10-21","internetbasiert","Über eine inszenierte Pandemie zur Impfpflicht?. Schariagegner, 2020-10-21","https://schariagegner.wordpress.com/2020/10/21/ueber-eine-inszenierte-pandemie-zur-impfpflicht/","He has mathematically modelled the spread of diseases such as new variant Creutzfeldt–Jakob disease and AIDS."
"2950","2020-01-01","internetbasiert","AMPIRE Griffleisten-Kamera für VOLKSWAGEN Rückfahrsysteme Fahrzeugspezifische Rückfahrkameras & Zubehör VW / Volkswagen. soundstudio-seidel.de, 2020-01-01","https://www.soundstudio-seidel.de/rueckfahrsysteme/fahrzeugspezische-kameras/vw-volkswagen/ampire-griffleisten-kamera-volkswagen/a-12952/","Passend für: - Volkswagen Bora 1998-2005 - Volkswagen Golf4 Variant 1999-2006 - Volkswagen Golf5 Variant 2007-2009 - Volkswagen Passat Variant (3BG) 1997-2005 - Volkswagen Tiguan (5n) 2007-2010 - Volkswagen Touareg (7L) 2002-2010 - Porsche Cayenne E1 2002-2010 Und weitere Fahrzeuge mit Kennzeichenleuchte VAG Teilenummer 1J5943021D HINWEIS: Bitte überprüfen Sie vor dem Kauf ob Größenangaben und Befestigungspunkte der Kamera mit denen des Fahrzeugs übereinstimmen!"
"2951","2020-01-01","internetbasiert","Alveus (### Artikel). kitchenking.de, 2020-01-01","https://www.kitchenking.de/hersteller/alveus.html","ALVEUS Einzelsiphon / Pop-up Siphon / Ab- und Überlaufgarnitur mit Drehexcenter und Siphon für die Spülen QUADRIX und VARIANT34,90 €ALVEUS Einzelsiphon / Pop-up Siphon / Ab- und Überlaufgarnitur mit Drehexcenter und Siphon passend für ALVEUS Spülen QUADRIX und VARIANT."
"2952","2020-02-28","internetbasiert","meine-wiking-welt - Passat Variant IV. meine-wiking-welt.eu, 2020-02-28","https://www.meine-wiking-welt.eu/pkw/volkswagen/passat-variant-iv/","VW Passat Variant 04301 1993-1995 stahlblau, IE mit separiertem Lenkrad lichtgrau, Innenspiegel Teil der Verglasung, plastische Scheibenwischer + Heckwischer, 2 Außenspiegel in Wagenfarbe, Frontscheinwerfer + Blinker klartransparent + Rückleuchten rottransparent eingesetzt, mit plastische Dachreling in Wagenfarbe, VW-Logo silbern, Seitliche Stoßleiste schwarz, Räder zweiteilig Alufelgen mit aufgezogenen Reifen, Bodenplatte schwarz, Bodenprägung modernes Wiking-Logo + ""Germany""."
"2953","2020-01-01","internetbasiert","Bremsen - Bremsenservice mit Original VW Teilen. Volkswagen Österreich, 2020-01-01","https://www.volkswagen.at/service-zubehoer/volkswagen-original-teile/volkswagen-original-teile-sortiment/bremsen","[...] 12-16 215,- 161,- Polo 03-09 223,- 155,- Polo 10-16 215,- 162,- Golf V 04-09 245,- 196,- Golf VI 09-13 244,- 177,- Golf VII 12-16 284,- 226,- Golf Variant Frontantrieb 10-14 235,- 177,- Golf Variant 4Motion 10-14 266,- 207,- Golf Plus 10-16 257,- 207,- Touran 03-10 245,- 196,- Touran 11-16 257,- 207,- Scirocco 1,4 L Benzin 08-16 257,- 207,- Eos 1,4 L Benzin 08-16 257,- 207,- New Beetle 12-16 257,- 207,- Tiguan 07-16 303,- 224,- Passat 06-09 263,- 204,- Passat 10-14 276,- 216,- Passat 15-16 289,- 204,- Sharan Frontantrieb 03-09 268,- 217,- Sharan 4Motion 03-09 301,- 242,- Sharan 10-16 320,- 259,- Touareg 03-10 598,- 455,- Touareg 11-16 673,- 519,- [...]"
"2954","2020-01-01","internetbasiert","CNC-Drehteile. RMM Metallbearbeitung GmbH, 2020-01-01","https://www.rmm-metallbearbeitung.de/produktpalette/cnc-drehteile/","[...]“#ffffff“ btn1_text_color=“#ffffff“ btn1_text_hovercolor=“#333333″ btn2_text_color=“#ffffff“ btn2_text_hovercolor=“#333333″ title_font_size=“desktop:18px;“ title_line_ht=“desktop:28px;“ btn_border_radius=“2″ btn1_heading_style=“font-weight:700;“ btn2_heading_style=“font-weight:700;“ css_dualbtn_design=“.vc_custom_1581678130098{margin-top: 0px !important;margin-bottom: 0px !important;padding-top: 0px !important;padding-bottom: 0px !important;}“ btn_width=“250″ btn1_font_family=“font_family:Roboto|font_call:Roboto|variant:700″ btn2_font_family=“font_family:Roboto|font_call:Roboto|variant:700″][/vc_column][/vc_row][vc_row equal_height=“yes“ bg_type=“bg_color“ bg_override=“full“ css=“.vc_custom_1572950423405{border-top-width: 50px !important;padding-bottom: 50px !important;}“][vc_column][vc_column_text css=“.vc_custom_1581677490237{margin-top: 30px !important;}“]Mehr als 1.000 m2 Produktionsfläche mit modernstem Maschinenpark und 20 qualifizierten Fachkräften machen uns somit zu einem produktiven und zuverlässigen Partner. [...]"
"2955","2018-01-10","internetbasiert","Aufbau meiner Fertigplatte Noch Seebruck - Seite 2. spielbahnen.forumieren.com, 2018-01-10","https://spielbahnen.forumieren.com/t7633p25-aufbau-meiner-fertigplatte-noch-seebruck","Mal schauen ob es da noch etwas anderes gibt wie die 2K variante oder so."
"2956","2020-01-01","internetbasiert","CAD – CAM. RMM Metallbearbeitung GmbH, 2020-01-01","https://www.rmm-metallbearbeitung.de/know-how/cad-cam/","[...]333333″ icon=“none“ icon_size=““ btn_icon_pos=“ubtn-sep-icon-right-rev“ btn_border_style=“solid“ btn_color_border=“#ffffff“ btn_color_border_hover=“#ffffff“ btn_border_size=“2″ btn_radius=“2″ btn_font_style=“font-weight:700;“ css_adv_btn=“.vc_custom_1572949728024{margin-top: 0px !important;margin-bottom: 0px !important;padding-top: 0px !important;padding-bottom: 0px !important;}“ btn_font_size=“desktop:18px;“ btn_line_height=“desktop:28px;“ btn_font_family=“font_family:Roboto|font_call:Roboto|variant:700″][/vc_column][/vc_row] [...]"
"2957","2018-07-22","internetbasiert","Das Ende der Smartphones? Das IoT könnte der nächste große Wachstumstreiber für diese 2 Tech-Aktien sein. 0800hardware.de, 2018-07-22","http://0800hardware.de/das-ende-der-smartphones-das-iot-koennte-der-naechste-grosse-wachstumstreiber-fuer-diese-2-tech-aktien-sein/","Small (45mm x 18mm), robust and powerful board; 3.3V variant of the Nano family."
"2958","2020-01-01","internetbasiert","Der Anfang - typ3family.de. typ3family.de, 2020-01-01","https://www.mytyp3.de/dolf/der-anfang.html","Im bugnet habe ich eine Anzeige für Felgen gefunden, angemailt und nebenbei gefragt ob er eine vordere Stoßstange und eine AHK hat (Sabine sagt sonst ist es kein richtiger Variant)."
"2959","2018-09-25","internetbasiert","CISO’s haben wenig Mitspracherecht bei IoT-Entscheidungen. 0800hardware.de, 2018-09-25","http://0800hardware.de/cisos-haben-wenig-mitspracherecht-bei-iot-entscheidungen/","The ease of use of a Nano board with the addition of secure IoT and BT connectivity Small (45mm x 18mm), robust and powerful board; 3.3V variant of the Nano family."
"2960","2018-08-25","internetbasiert","DIE KALTE SCHULTER IM ROTEN KLEID / THE COLD SHOULDER IN A RED DRESS. Reni´s Odds and Sods, 2018-08-25","https://renisoddsandsods.com/2018/08/25/die-kalte-schulter-im-roten-kleid-the-cold-shoulder-in-a-red-dress/","to take up my previous post I now present you another variant of bare shoulders, just in time before the end of summer."
"2961","2019-01-01","internetbasiert","Rückfahrkamera Set für VW Passat B8 - Limousine. Msh-Store, 2019-01-01","https://msh-store.de/fahrzeug-spezifisch/rueckfahrkamera/vw/3030/rueckfahrkamera-set-fuer-vw-passat-b8-limousine","Die Kamera für den Variant ist auch geeignet für die Nachrüstung von Trailerassist"
"2962","2019-01-01","internetbasiert","OMSI 2 Add-On Studio Polygon Lite Pack Steam Key für PC online kaufen. Gamesplanet.com, 2019-01-01","https://de.gamesplanet.com/game/omsi-2-add-on-studio-polygon-lite-pack-steam-key--2886-38","11.5m Dual Door LHD variant, with Engine/Gearbox Options listed above."
"2963","2019-04-10","internetbasiert","IoT- Spezialist “Virtenio“ mietet über AENGEVELT Bürofläche in Berlin. 0800hardware.de, 2019-04-10","http://0800hardware.de/iot-spezialist-virtenio-mietet-ueber-aengevelt-bueroflaeche-in-berlin/","The ease of use of a Nano board with the addition of secure IoT and BT connectivity Small (45mm x 18mm), robust and powerful board; 3.3V variant of the Nano family."
"2964","2020-06-06","internetbasiert","TA Technix Gewindefahrwerk ab1051kg VA Last passend für Audi A3, TT / Seat Leon III / Skoda Octavia III, Superb III / VW Arteon, Golf VII, Passat, Touran - D2 Racing Germany. D2 Racing Germany, 2020-06-06","https://www.d2racing-germany.de/produkt/ta-technix-gewindefahrwerk-ab1051kg-va-last-passend-fuer-audi-a3-tt-seat-leon-iii-skoda-octavia-iii-superb-iii-vw-arteon-golf-vii-passat-touran/","Limousine, Variant, Sportsvan"
"2965","2020-09-28","internetbasiert","527. Keine Impfung mit rekombinanter RNA oder DNA. Sägefisch, 2020-09-28","https://jacquesauvergne.wordpress.com/2020/09/28/527/","“It is frustrating to have claims like this made without the associated evidence presented for scientific assessment and the variant remains to be officially announced.” – Dr. Lucy van Dorp, Research Fellow, UCL Genetics Institute"
"2966","2019-07-09","internetbasiert","Eiszapfen Lichterkette Snowmotion 8M warmweiß - RHEDSTORE. RHEDSTORE, 2019-07-09","https://www.rhedstore.de/produkt/eiszapfen-lichterkette-snowmotion-8m-warmweiss/","Eine weitere variante der Eiszapfen Lichterketten stellen die verlängerbaren Systemkomponenten dar."
"2967","2018-04-10","internetbasiert","Neun Städte in fünf Ländern: »IoT on Wheels«-Roadshow 2018 von Tech Data. 0800hardware.de, 2018-04-10","http://0800hardware.de/neun-staedte-in-fuenf-laendern-iot-on-wheels-roadshow-2018-von-tech-data/","The ease of use of a Nano board with the addition of secure IoT and BT connectivity Small (45mm x 18mm), robust and powerful board; 3.3V variant of the Nano family."
"2968","2018-02-20","internetbasiert","Excel VBA – Wie Sie beliebiges Datum in einer Liste finden. Denis Reis, 2018-02-20","https://www.denisreis.com/excel-vba-beliebiges-datum-in-einer-liste-finden/","Sub BeliebigesDatumFinden() Dim rngZelle As Range Dim varTag As Variant Do 'Eingabedialog varTag = Application.InputBox _ (""Bitte Tageszahl des aktuellen Monats eingeben."", _ ""Gesuchtes Datum"", 1, , , , , 1)"
"2969","2018-04-16","internetbasiert","2x BLUETECH® Kennzeichenbeleuchtung (VW). ALP Handels GmbH, 2018-04-16","https://alp-handels.de/products/2x-bluetech%c2%ae-kennzeichenbeleuchtung-vw","VW Golf 5 (nur 3-trg und Limousine Bj.2003-2008, nicht Variant und Golf 5 Plus)"
"2970","2018-12-05","internetbasiert","Bürgerbeteiligung Erweiterung Schlosspark Glauchau. glauchau-stadtentwickeln.de, 2018-12-05","https://glauchau-stadtentwickeln.de/buergerbeteiligung-erweiterung-schlosspark-glauchau/","Aus umweltfreundlichem Grund befürworte ich die zweite Variant wegen der Bäume und anderen Vegetationen."
"2971","2018-03-19","internetbasiert","Volkswagen Golf 1.5 TSI ACT BlueMotion. My Bavaria - Das Bayern-Magazin, 2018-03-19","http://my-bavaria.com/zu-den-auto-nachrichten/volkswagen-golf-1-5-tsi-act-bluemotion/","[...] Golf 1.5 TSI ACT BlueMotion DSG (96 kW/130 PS) Kraftstoffverbrauch in l/100 km: innerorts 6,1 / außerorts 4,1 / kombiniert 4,8; CO2-Emissionen (kombiniert) in g/km: 110, Effizienzklasse: A. 3 NEFZ: Golf Variant 1.5 TSI ACT BlueMotion (96 kW/130 PS) Kraftstoffverbrauch in l/100 km: innerorts 6,3 / außerorts 4,1 / kombiniert 4,9; CO2-Emissionen (kombiniert) in g/km: 113, Effizienzklasse: A. 4 NEFZ: Golf Variant 1.5 TSI ACT BlueMotion DSG (96 kW/130 PS) Kraftstoffverbrauch in l/100 km: innerorts 6,1 / außerorts 4,1 / kombiniert 4,8; CO2-Emissionen (kombiniert) in g/km: 110, Effizienzklasse: A. [...]"
"2972","2019-03-14","internetbasiert","ABDUNKELUNG - Plisy.de. Plisy.de, 2019-03-14","https://plisy.de/abdunkelung","Höchste Verdunkelungs- variante für Prüf- und Fotolabore."
"2973","2020-01-01","internetbasiert","Bremsen - Bremsenservice mit Original VW Teilen. Volkswagen Österreich, 2020-01-01","https://www.volkswagen.at/service-zubehoer/volkswagen-original-teile/volkswagen-original-teile-sortiment/bremsen","[...] 12-16 416,- 325,- Polo 03-09 481,- 358,- Polo 10-16 461,- 354,- Golf V 04-09 534,- 415,- Golf VI 09-13 461,- 334,- Golf VII 12-16 561,- 429,- Golf Variant Frontantrieb 10-12 453,- 325,- Golf Variant 4Motion 10-14 599,- 473,- Golf Plus 10-16 546,- 426,- Touran 03-10 534,- 415,- Touran 11-16 546,- 426,- Scirocco 1,4 L Benzin 08-16 546,- 426,- Eos 1,4 L Benzin 08-16 546,- 426,- New Beetle 12-16 546,- 426,- Tiguan 07-16 640,- 494,- Passat 06-09 603,- 477,- Passat 10-14 616,- 489,- Passat 15-16 630,- 472,- Sharan Frontantrieb 03-09 602,- 473,- Sharan 4Motion 03-09 620,- 489,- Sharan 10-16 705,- 559,- Touareg 03-10 1128,- 888,- Touareg 11-16 1149,- 902,- [...]"
"2974","2018-09-01","internetbasiert","DT 240 PRO. beyerdynamic GmbH & Co. KG, 2018-09-01","https://www.beyerdynamic.de/dt-240-pro.html","sa2 Solved Variant"
"2975","2020-03-02","internetbasiert","Odenwälder Sommer Schlafsack Anni light white leaves TOP | Kinderhaus Blaubär. kinderhaus-blaubaer.de, 2020-03-02","https://www.kinderhaus-blaubaer.de/odenwaelder-sommer-schlafsack-anni-light-white-leaves_34766_56088","[...] { _tsRatingConfig = { tsid : 'X0C74C395F78C2D0663798C126CCFC286', element : '#ts_review_sticker', variant : 'testimonial', reviews : '5', betterThan : '3.0', richSnippets : 'on', backgroundColor : '#FFDC0F', linkColor : '#000000', quotationMarkColor : '#FFFFFF', fontFamily : 'Arial', reviewMinLength : '10' }; var scripts = document.getElementsByTagName('SCRIPT'), me = scripts[scripts.length - 1]; var _ts = document.createElement('SCRIPT'); _ts.type = 'text/javascript'; _ts.async = true; _ts.src = '//widgets.trustedshops.com/reviews/tsSticker/tsSticker.js'; me.parentNode.insertBefore(_ts, me); _tsRatingConfig.script = _ts; })(); [...]"
"2976","2020-08-03","internetbasiert","Variant 3017 TB | 320x168cm - 3,0t | Dreiseitenkipper - Bordwandaufsatz. PKW-Anhänger kaufen bei P+P Anhängercenter | Wohnmobil Vermietung & Anhängervermietung, 2020-08-03","http://www.ppanhaengercenter.com/store/p780/Variant-3017-TB-320-x-168-cm.html","Variant 3017 TB | 320x168cm - 3,0t | Dreiseitenkipper - Blattfederung - Bordwandaufsatz"
"2977","2018-11-14","internetbasiert","Industriemodems für LPWA-IoT-Anwendungen. 0800hardware.de, 2018-11-14","http://0800hardware.de/industriemodems-fuer-lpwa-iot-anwendungen/","The ease of use of a Nano board with the addition of secure IoT and BT connectivity Small (45mm x 18mm), robust and powerful board; 3.3V variant of the Nano family."
"2978","2019-06-10","internetbasiert","Samsung: Galaxy Note 10 und S11 Nutzer haben einen Anschluss weniger. Testberichte, News, Tablets & Smartphones, 2019-06-10","https://www.appdated.de/2019/06/samsung-galaxy-note-10-und-s11-nutzer-brauchen-zukuenftig-wohl-einen-adapter-fuer-die-kopfhoerer/","There’s a good possibility that a 4G LTE variant will be offered as well since 5G networks won’t be commonplace even by the end of this year."
"2979","2018-01-10","internetbasiert","KSG programieren. Passat Forum, 2018-01-10","https://www.passatforum.com/threads/ksg-programieren.46379/","Ich habe einen Passat Variant 1.8 Turbo bj.2000 den ich vor kurzem erst gekauft habe als Winterfahrzeug."
"2980","2020-01-01","internetbasiert","Volkswagen VW 411. vw-411.de, 2020-01-01","http://vw-411.de/Testberichte-1968/Volkswagen-VW-411/","Test VW 411 E Limousine Fahrbericht VW 411 LE Variant VW 411 LE Variant - Das Raumschiff fürs Volk Vergleichstest:"
"2981","2019-01-28","internetbasiert","Einfache Hacker-Ziele: Schlechtes Passwort, IoT-Geräte und fehlende Zwei-Faktor-Authentifizierung. 0800hardware.de, 2019-01-28","http://0800hardware.de/einfache-hacker-ziele-schlechtes-passwort-iot-geraete-und-fehlende-zwei-faktor-authentifizierung/","Small (45mm x 18mm), robust and powerful board; 3.3V variant of the Nano family."
"2982","2020-10-05","internetbasiert","Bodenarbeitsseil Dünn - Prices from 51.60 to 58.75. Bataliru, 2020-10-05","https://bataliru.de/products/bodenarbeitsseil-dunn-prices-from-51-60-to-58-75","[...] Home Hund Alles Halsbänder Leinen Anhänger Pferde Alles Arbeitsseile Halsringe Knotenhalfter Zügel Anhänger Mensch Messanleitung Hundehalsband Knotenhalfter Material & Farben Material Farben Gutschein Alle Produkte Suchen Suchen Einloggen Einkaufswagen Home Hund Hund Menü Hund Alles Halsbänder Leinen Anhänger Pferde Pferde Menü Pferde Alles Arbeitsseile Halsringe Knotenhalfter Zügel Anhänger Mensch Messanleitung Messanleitung Menü Messanleitung Hundehalsband Knotenhalfter Material & Farben Material & Farben Menü Material & Farben Material Farben Gutschein Alle Produkte Bodenarbeitsseil Dünn - Prices from 51.60 to 58.75 Normaler Preis €51,60 Sonderpreis €51,60 Angebot inkl. MwSt. zzgl. Versandkosten Title Variant for price 51.6 Variant for price 52 Variant for price 52.1 Variant for price 52.2 Variant for price 52.45 Variant for price 52.55 Variant for price 52.65 Variant for price 53.05 Variant for price 53.15 Variant for price 53.25 Variant for price 53.5 Variant for price 53.6 Variant for price 53.7 Variant for price 54.1 Variant for price 54.2 Variant for price 54.55 Variant for price 54.65 Variant for price 54.75 Variant for price 55.15 Variant for price 55.25 Variant for price 55.6 Variant for price 55.7 Variant for price 56.2 Variant for price 56.65 Variant for price 56.75 Variant for price 57.25 Variant for price 57.7 Variant for [...]"
"2983","2020-01-01","internetbasiert","24-100. isover.ch, 2020-01-01","https://www.isover.ch/de/solutions/24-100","Description Unité 1 Unité 2 Variant 1 Variant 2 Variant 3 Variant 4 Variant 5 Variant 6 ISOCONFORT 032 PR d [mm] 120 120 120 120 140 160 ISOPONTE 032 d [mm] 60 80 100 120 120 120 Wärmeschutz im Winter und Sommer ** ** ** *** *** *** Wärmedurchgangskoeffizient:"
"2984","2019-08-20","internetbasiert","mactrix – mac & apple support in wien 1020 UNSER SERVICE. Mactrix, 2019-08-20","https://mactrix.at/service-2/","für bestehende kunden bietet mactrix auch online-support an. hierfür verwenden wir die software TEAMVIEWER mit der ihr apple ferngesteuert werden kann. diese variante basiert auf vertrauen, denn es tummeln sich im internet so einige unseriösen angeboten zum thema fernwartung. einfach einmal „hoax“ und „teamviewer“ bei youtube eingeben. um hier also seriös und professionell zu bleiben, sollten wir uns vorab kennengelernt haben."
"2985","2020-07-15","internetbasiert","Video-Dreh bei der Bauherrenfamilie Stenger. Hanse Haus, 2020-07-15","https://www.hanse-haus.ch/de/fertighaus-referenzen/familie-stenger/","Merkmale Hausserie Variant 45 Hausname Freie Planung Verwendung Einfamilienhaus Dachform Satteldach Dachneigung 45° Wohnfläche 162,00 m² Baujahr 2018 Baudauer 15 Wochen Ausbaustufe Fast fertig"
"2986","2018-07-20","internetbasiert","Undeclared genetically engineered orange petunias harbour a special variant of the maize dihydroflavonol 4-reductase. XXIXth International Conference on Polyphenols, Madison, USA, 16-20 July 2018, 2018-07-20","http://repositum.tuwien.ac.at/obvutwoa/5120593","Dateien Undeclared genetically engineered orange petunias harbour a special variant of the maize dihydroflavonol 4-reductase [0.18 mb] Links Download Nachweis Universitätsbibliothek TU Wien Klassifikation Technische Universität Wien → Fakultät für Technische Chemie → Institut für Verfahrenstechnik, Umwelttechnik und technische Biowissenschaften Statistik Das PDF-Dokument wurde 1.0 mal heruntergeladen."
"2987","2020-02-22","internetbasiert","LNP332 Check mal die Crimeline. Logbuch:Netzpolitik, 2020-02-22","https://logbuch-netzpolitik.de/lnp332-check-mal-die-crimeline","[...] wichtig wie darüber gesprochen wird arschloch sein ist für mich weit unter dem verhalten und das ist hier in der theorie geht ungeschütztes eindringen ist ebenso wie andere nicht können nichtkonsensuale sexuelle interaktion die natürlich weit von der schauer vergewaltigung im wald entfernt sind nicht ok niemals okay,und weit mehr als ein arschloch sein ob das nun vergewaltigung heißt oder nicht tut dabei gar nichts zur sache aber.Wenn du etwas überspitzt darstellst dann wünsche ich mir gerade im hinblick darauf wie schwierig es derzeit ist.Akzeptanz für die betroffenen perspektive sexualisierter gewalt herzustellen dass die überspitzte variante der vergewaltigungsvorwurf e nicht,als ein arschloch sein verharmlost wird sondern in dem zuge auch benannt wird man kann ja ein großartiger anführer einer leading plattform und ein vergewaltiger sexualstraftäter,oder ehrliches sein ich kürz das an der stelle etwas ab,weil ich glaube dass der nächste absatz sich ein bisschen wiederholt das ist natürlich nicht deine schuld weil du das,so gesagt hast aber mit genauigkeit und reflexion der eigenen sprache kann viel arbeit geleistet werden wobei das ziel immer ist sexualisierte gewalt minimieren ein faires die betroffenen perspektive stärken das system zum umgangsexualisierter gewalt [...]"
"2988","2020-01-01","internetbasiert","VW Vorteilspakete für Modelle älter als 4 Jahre. Volkswagen Österreich, 2020-01-01","https://www.volkswagen.at/service-zubehoer/volkswagen-service/angebote-und-aktionen/vorteilspakete","[...] Modell Baujahr statt ab im Vorteilspaket ab Polo 03-09 340,- 276,- Polo 10-16 381,- 315,- Golf V Frontantrieb 04-09 417,- 345,- Golf V 4Motion 04-09 448,- 357,- Golf VI 09-13 429,- 356,- Golf VII 12-16 499,- 385,- Golf Variant 10-14 491,- 397,- Golf Plus 10-16 429,- 356,- Touran 03-10 448,- 357,- Touran 11-16 491,- 396,- Scirocco 1,4 L Benzin 08-16 429,- 356,- Eos 1,4 L Benzin 08-16 429,- 356,- New Beetle 12-16 454,- 369,- Tiguan 07-16 525,- 410,- Passat 06-09 513,- 398,- Passat 10-14 527,- 410,- Passat 15-16 567,- 430,- Sharan Frontantrieb 03-09 446,- 356,- Sharan 4Motion 03-09 517,- 410,- Sharan 10-16 527,- 410,- Touareg 03-10 1013,- 804,- Touareg 11-16 973,- 756,- [...]"
"2989","2019-10-09","internetbasiert","Beschläge STUDIO. GLASON GmbH, 2019-10-09","https://www.glas-online-shop.de/beschlage-studio/","Dabei lassen sie dem Nutzer die Wahl zwischen verschiedenen Schließ varianten (unverschließbar, Buntbart, Profilzylinder) und Drückerpositionen."
"2990","2020-07-07","internetbasiert","Mein kleiner Naturgewalt Druide - Hearthstone Deck-Guide. HearthstoneHeroes.de, 2020-07-07","https://www.hearthstoneheroes.de/decks/mein-kleiner-druide/","Druidin des Säbelzahns müssen wir Entscheiden bzw abhängig was der Gegner auf dem Board hat wenn kleine gegner sind die wir schnell clearen wollen wählen wir ihre Ansturm variante andernfalls Verstohlenheit."
"2991","2020-01-01","internetbasiert","brio alto 60 nussbaum. blowout.de, 2020-01-01","https://www.blowout.de/brio-alto-60-nussbaum.html","Variante: brio alto 60 nussbaum"
"2992","2020-08-03","internetbasiert","Variant 3021 P4 | 415 x 205 cm - 3,0-t | Hochlader Anhänger. PKW-Anhänger kaufen bei P+P Anhängercenter | Wohnmobil Vermietung & Anhängervermietung, 2020-08-03","http://www.ppanhaengercenter.com/store/p749/variant-3021p4-415x205cm-3t-hochlader-anhaenger.html","Variant"
"2993","2019-03-12","internetbasiert","80 Jahre Batman: Coverwahn für Detective Comics #1000. Das Batman-Projekt, 2019-03-12","https://batmanprojekt.com/2019/03/12/80-jahre-batman-coverwahn-fuer-detective-comics-1000/","Noch mehr Variant Cover sind bei comicburst.com aufgelistet."
"2994","2020-07-28","internetbasiert","DSAK 2018 – Kunde, Produkt und Fertigung automatisiert verbunden. hasselwander.co.uk, 2020-07-28","https://www.hasselwander.co.uk/dsak-2018-kunde-produkt-und-fertigung-automatisiert-verbunden/","Raphael Buck, Expert Variant Configuration and -management; System and Process Architecture, SEW-EURODRIVE GmbH & Co. KG, Bruchsal"
"2995","2019-04-04","internetbasiert","Q1 2019: Tesla liefert 31 Prozent weniger Elektroautos als im Vorquartal aus. ecomento.de, 2019-04-04","https://ecomento.de/2019/04/04/q1-2019-tesla-liefert-31-prozent-weniger-elektroautos-als-im-vorquartal-aus/","Ich sehe allerdings, dass der USA-markt bereits mit den teuren M3 gesättigt ist und die produktion von rd. 5.000 fahrzeugen der teuren varianten nur noch durch auslieferungen der fan-bestellwelle nach europa und china abgesetzt werden kann."
"2996","2019-05-23","internetbasiert","Weltweit einheitliche, skalierbare Mobilfunkverbindungen fürs IoT. 0800hardware.de, 2019-05-23","http://0800hardware.de/weltweit-einheitliche-skalierbare-mobilfunkverbindungen-fuers-iot/","The ease of use of a Nano board with the addition of secure IoT and BT connectivity Small (45mm x 18mm), robust and powerful board; 3.3V variant of the Nano family."
"2997","2019-01-26","internetbasiert","Gefahr für den Golf - Bürstädter Zeitung. BÃ¼rstÃ¤dter Zeitung, 2019-01-26","https://www.buerstaedter-zeitung.de/ratgeber/auto-und-motorrad/autotests/hyundai/gefahr-fur-den-golf_19922481","Das macht der vergleichbare Golf Variant (110 kW/150 PS) in der Highline-Version (31175 Euro) aber auch."
"2998","2020-01-01","internetbasiert","25-100. isover.ch, 2020-01-01","https://www.isover.ch/de/solutions/25-100","Description Unité 1 Unité 2 Variant 1 Variant 2 Variant 3 Variant 4 Variant 5 Variant 6 PB M 030 d [mm] 40 Wärmeschutz im Winter und Sommer Wärmedurchgangskoeffizient U [W/(m2 K)] 0.45 Wärmeschutz im Sommer Wärmespeicherfähigkeit (mit Rsi) κi [Wh/m2 K)] 16 Schalldämmung Bewertetes Schalldämm-Mass Rw [dB] 64 Spektrum-Anpassungswerte (C;Ctr)"
"2999","2019-06-28","internetbasiert","lll▷XSNews - Spitzen Qualität zu günstigen Preisen? Unsere Erfahrungen. topusenet.de, 2019-06-28","http://topusenet.de/usenet-provider/xsnews/","Auch eine beliebte variante bei all jenen, die gerne nur für das bezahlen, was sie auch wirklich verbrauchen."
"3000","2018-10-30","internetbasiert","IoT-Security im Unternehmen: Smart und sicher vernetzt. 0800hardware.de, 2018-10-30","http://0800hardware.de/iot-security-im-unternehmen-smart-und-sicher-vernetzt/","Small (45mm x 18mm), robust and powerful board; 3.3V variant of the Nano family."
"3001","2020-11-03","internetbasiert","VW Golf 8 Variant - Kompaktkombi in sechster Generation - NewCarz.de. NewCarz.de, 2020-11-03","https://www.newcarz.de/2020/11/03/vw-golf-8-variant-kompaktkombi-in-sechster-generation/","Dank einer ausgeprägten Schulterpartie, der darüber nach oben hin leicht eingezogenen und nach hinten abfallenden, langen Dachpartie sowie einer coupéartig schräg gestellten Heckscheibe wirkt der Golf Variant sportlicher als je zuvor."
"3002","2018-04-11","internetbasiert","Standard für IoT-Security: Heilsamer Schock für die IoT-Sicherheit. 0800hardware.de, 2018-04-11","http://0800hardware.de/standard-fuer-iot-security-heilsamer-schock-fuer-die-iot-sicherheit/","Small (45mm x 18mm), robust and powerful board; 3.3V variant of the Nano family."
"3003","2020-06-24","internetbasiert","iZotope präsentiert Stutter Edit 2 und Creative Suite 2 | gearnews.de. gearnews.de, 2020-06-24","https://www.gearnews.de/izotope-praesentiert-stutter-edit-2-und-creative-suite-2/","Über „Time Variant Modifiers“ lassen sich sogar Makros in einer vorgegebenen Zeitkurve morphen."
"3004","2020-08-01","internetbasiert","Lokalisieren Sie Ihre Software und erschließen Sie neue Märkte. sisulizer.de, 2020-08-01","https://www.sisulizer.de/online-help/SystemVariantDialog.shtml","Your can edit only custom variants (e.g. variant that you have added)."
"3005","2019-06-05","internetbasiert","Klinische FragestellungGlomerulonephritis, fokal segmental; Differentialdiagnose. Amedes Genetics, 2019-06-05","https://www.amedes-genetics.de/krankheiten/krankheit/detail/glomerulonephritis-fokal-segmental-differentialdiagnose.html","Allelic: Fabry disease, cardiac variant (GLA)"
"3006","2019-10-28","internetbasiert","TAT0198 - So schnürst du Budgets für deine Online Kampagnen | TheAngryTeddy.com - Social Media & Online Marketing. TheAngryTeddy.com - Social Media & Online Marketing, 2019-10-28","https://theangryteddy.com/tat0198-so-schnuerst-du-budgets-fuer-deine-online-kampagnen/","[4:49] Eine andere variante und ich nutze da mittlerweile ein recht lästiges tool mit dem man simulieren kann."
"3007","2018-04-24","internetbasiert","Beispiele Lebenslauf - Lange Nacht der Bewerbung. Lange Nacht der Bewerbung, 2018-04-24","https://www.langenachtderbewerbung.com/lebenslauf-beispiele/","Variante 7 – Resume"
"3008","2018-06-01","internetbasiert","Fertighaus Variant 35-173 | HANSE HAUS. Hanse Haus, 2018-06-01","https://www.hanse-haus.ch/de/architektur/haeuser/haus/variant-35-173/","Machen Sie das Variant 35-173 zu Ihrem ganz persönlichen Zuhause."
"3009","2020-09-21","internetbasiert","Jetzt bestellbar: Der neue VW Golf Variant. Autohaus Stoppanski, 2020-09-21","https://www.stoppanski.de/news/golf-variant-bestellbar/","Fünf Passagiere finden im neuen Golf Variant bequem Platz, denn das Plus an Radstand kommt nahezu vollständig dem Innenraum zugute."
"3010","2018-08-01","internetbasiert","FOX. beyerdynamic GmbH & Co. KG, 2018-08-01","https://www.beyerdynamic.de/fox.html","Solved variant"
"3011","2020-08-03","internetbasiert","Variant 3519 TB | 361 x 185 cm - 3,5t | Dreiseitenkipper Anhänger - Blattfederung. PKW-Anhänger kaufen bei P+P Anhängercenter | Wohnmobil Vermietung & Anhängervermietung, 2020-08-03","http://www.ppanhaengercenter.com/store/p109/variant-3519TB-360x185-3.5t-dreiseitenkipper-blattfederung-anhaenger.html","Variant"
"3012","2020-11-16","internetbasiert","Leckerli Relax Drops | Funktion Drops | FeedGreen. FeedGreen, 2020-11-16","https://www.feed-green.de/products/feedgreen-funktion-drops-relax-drops","Das Stressgedächtnis wird in mehreren Stufen und varianten im Hundekopf gespeichert."
"3013","2020-06-06","internetbasiert","Der VW Passat für die grünen Momente - Lauterbacher Anzeiger. Lauterbacher Anzeiger, 2020-06-06","https://www.lauterbacher-anzeiger.de/ratgeber/auto-und-motorrad/autotests/volkswagen/der-vw-passat-fur-die-grunen-momente_21770500","Auch wenn große Familienkombis auf der Wunschliste nicht mehr ganz oben stehen aufgrund des SUV-Booms: Der Passat ist als Variant mit knapp 4,90 Meter Länge eine stattliche Erscheinung."
"3014","2020-01-01","internetbasiert","Lambdasonde. BERU Zündungsteile | BERU – Ihr Experte für Zündungstechnik, 2020-01-01","https://www.beruparts.de/find-my-part/9738984/beru-by-driv/exhaust-systems/lambdasonde/ozh033.pd.html","Marke Variante Motor Aktion {{fitment.make}} {{fitment.variant}} {{fitment.engine_display}}"
"3015","2018-12-20","internetbasiert","VW Golf mieten bei Dr. Hartl Autoverleih. Dr. Hartl Autoverleih, 2018-12-20","https://drhartl.at/vw-golf-mieten/","Sollten Sie mehr Platz benötigen, können Sie bei uns auch die Kombi Variante, den VW Golf Variant mit Automatikgetriebe, mieten."
"3016","2020-01-01","internetbasiert","Gitteraufsatz DK 155x300. Koch Anhängerwerke, 2020-01-01","https://www.kochanhaengerwerke.de/et-shop/gitteraufsatz-dk-155x300","Variant Heckkipper Variant 168x320cm 2,7t | E-Pumpe | Rampen | Gitter | Aktion"
"3017","2020-01-01","internetbasiert","Verbrauch und CO₂-Emissionen. VW Golf Variant 2.0 TDI Highline R-line | Gebrauchtwagen, 2020-01-01","https://fischer-automobile.de/fahrzeuge/golf-variant-20-tdi-highline-r-line-111175","VW Golf Variant 2.0 TDI Highline R-line Verbrauch und CO₂-Emissionen"
"3018","2019-11-08","internetbasiert","Super Archives - FINESTAUTOMOTIVE.com. FINESTAUTOMOTIVE.com, 2019-11-08","https://www.finestautomotive.com/fuel-type/super/","[...] 1.0 TSI BMT Finest Automotive 7. April 2020 ... 0 Comments 0 VW Golf 1.5 TSI ACT Finest Automotive 7. April 2020 ... 0 Comments 0 VW Golf Sportsvan 1.0 TSI OPF Finest Automotive 7. April 2020 ... 0 Comments 0 VW Golf Variant 1.5 TSI ACT BlueMotion Finest Automotive 7. April 2020 ... 0 Comments 0 VW T-Roc 1.0 TSI OPF Finest Automotive 7. April 2020 ... 0 Comments 0 1 2 3 … 8 /* ----------------------------------------- */ /* View slug: latest-cars-for-sidebar - start */ /* ----------------------------------------- */ .cb-module-block { margin-bottom:0px; } /* ----------------------------------------- */ /* View slug: latest-cars-for-sidebar - end */ /* ----------------------------------------- */ /* ----------------------------------------- */ /* Content Template: loop-item-in-latest-cars-for-sidebar - start */ /* ----------------------------------------- */ a:hover { text-decoration:none; } a:hover .main-car-column { opacity:0.8; } /* ----------------------------------------- */ /* Content Template: loop-item-in-latest-cars-for-sidebar - end */ /* ----------------------------------------- */ [...]"
"3019","2018-05-31","internetbasiert","VW Passat Variant: Den neuen Volkswagen bewundern. Auto-Kombi, 2018-05-31","https://www.kombi.de/vw-passat-variant/","Doch natürlich sorgen die Wolfsburger beim VW Passat Variant dafür, dass dieser Familienfreund den Zeitgeist in sich trägt."
"3020","2020-10-05","internetbasiert","Bodenarbeitsseil Dünn - Prices from 51.60 to 58.75. Bataliru, 2020-10-05","https://bataliru.de/products/bodenarbeitsseil-dunn-prices-from-51-60-to-58-75","[...] Alles Arbeitsseile Halsringe Knotenhalfter Zügel Anhänger Mensch Messanleitung Hundehalsband Knotenhalfter Material & Farben Material Farben Gutschein Alle Produkte Suchen Suchen Einloggen Einkaufswagen Home Hund Hund Menü Hund Alles Halsbänder Leinen Anhänger Pferde Pferde Menü Pferde Alles Arbeitsseile Halsringe Knotenhalfter Zügel Anhänger Mensch Messanleitung Messanleitung Menü Messanleitung Hundehalsband Knotenhalfter Material & Farben Material & Farben Menü Material & Farben Material Farben Gutschein Alle Produkte Bodenarbeitsseil Dünn - Prices from 51.60 to 58.75 Normaler Preis €51,60 Sonderpreis €51,60 Angebot inkl. MwSt. zzgl. Versandkosten Title Variant for price 51.6 Variant for price 52 Variant for price 52.1 Variant for price 52.2 Variant for price 52.45 Variant for price 52.55 Variant for price 52.65 Variant for price 53.05 Variant for price 53.15 Variant for price 53.25 Variant for price 53.5 Variant for price 53.6 Variant for price 53.7 Variant for price 54.1 Variant for price 54.2 Variant for price 54.55 Variant for price 54.65 Variant for price 54.75 Variant for price 55.15 Variant for price 55.25 Variant for price 55.6 Variant for price 55.7 Variant for price 56.2 Variant for price 56.65 Variant for price 56.75 Variant for price 57.25 Variant for price 57.7 Variant for price 58.75 Variant for price 51.6 Variant [...]"
"3021","2019-07-22","internetbasiert","Fahrzeug Detailsuche | Autohaus Kreisser GmbH & Co. KG. Autohaus Kreisser GmbH & Co. KG, 2019-07-22","https://www.kreisser.de/fahrzeugbestand/fahrzeug-detailsuche__trashed/","[...] Neuwagen Konfigurator Finanzierung und mehr Versicherung und mehr Probefahrt Gebrauchtwagen Neu- & Gebrauchtwagen vor Ort Autoankauf ANAG Zentrallager E-Mobilität Marken Volkswagen Service Audi Service ŠKODA Service Volkswagen Nutzfahrzeuge Service Aktionen alle Aktionen Fahrzeug-Aktionen Service-Aktionen Service Serviceleistungen Digitale Rechnung Wunschkennzeichen Großkunden Garantieverlängerung Terminbuchung Online Karriere Stellenangebote Ausbildung Bewerbungsformular Unternehmen Ansprechpartner Kontakt & Öffnungszeiten Kontaktformular × » Termin direkt online buchen Fahrzeugbestand Fahrzeug Detailsuche Detailsuche - Fahrzeug(e) gefunden Fahrzeugtyp Bauart Cabrio/Roadster Kleinwagen Kombi Limousine Sportwagen/Coupé SUV/Geländewagen/Pickup Van/Kleinbus Fahrzeugart Gebrauchtfahrzeug Jahreswagen Tageszulassung Vorführfahrzeug Allgemeine Angaben Marke Audi Skoda Volkswagen Modell A1 A3 A4 Arteon Caddy Fabia Golf Golf Sportsvan Karoq Octavia Passat Variant Polo Q3 Scala Superb T-Cross T-Roc Taigo Tiguan Touran Aktionen Standort Autohaus Kreisser GmbH & Co. KG Getriebe Automatik Schaltgetriebe Alle Kraftstoffe Benzin Diesel Elektro Hybrid (Benzin/Elektro) [...]"
"3022","2018-08-29","internetbasiert","Panasonic und Vodafone vernetzen Heimgeräte via Narrowband-IoT / Erste Tests mit Panasonic Klimageräten ab Herbst geplant. 0800hardware.de, 2018-08-29","http://0800hardware.de/panasonic-und-vodafone-vernetzen-heimgeraete-via-narrowband-iot-erste-tests-mit-panasonic-klimageraeten-ab-herbst-geplant/","Small (45mm x 18mm), robust and powerful board; 3.3V variant of the Nano family."
"3023","2020-11-09","internetbasiert","Neuer VW Golf Alltrack Fahrbericht 2021 Golf 8 Variant - Autogefühl. Autogefühl, 2020-11-09","https://www.autogefuehl.de/2020/11/09/neuer-vw-golf-alltrack-fahrbericht-2021-golf-8-variant/","Die Beinfreiheit im Fond des Golf Variant ist 4 cm größer als im Vorgänger bzw. im Golf Hatch aufgrund des nun längeren Radstands."
"3024","2019-09-12","internetbasiert","FS240 Es gibt noch alte Leute. Freak Show, 2019-09-12","https://freakshow.fm/fs240-es-gibt-noch-alte-leute","[...] Die frage die ich mir stelle ist ist es nicht schlauer zu sagen man macht die ganze hardware entwicklung früher hat ein halbes jahr vor der veranstaltung eine hardware diedie mehr oder weniger fix ist wo dann leute wenn sie wollen in den kram auch schon vorher bestellen können und dann bist du auf der veranstaltung alle bereiten sich auf die veranstaltung vor hacken ihren scheiß für die veranstaltung und dann kriegen alle das,und dann haben sie es alle in der halbwegs ausgereiften variante,das ist jetzt nur so 'ne idee keine ahnung ich werde kein streit damit an zetteln ich habe übrigens von dem bier welche im kühlschrank getan du musst nicht das warme trinken. [...]"
"3025","2020-01-01","internetbasiert","25-300. isover.ch, 2020-01-01","https://www.isover.ch/de/solutions/25-300","Description Unité 1 Unité 2 Variant 1 Variant 2 Variant 3 Variant 4 Variant 5 Variant 6 Gipsfaserplatte d [mm] – – 10 10 Gipsfaserplatte d [mm] 12.5 12.5 12.5 12.5 Holzständer 60 x 60 mm h [mm] 60 – 60 – Holzständer 60 x 120 mm h [mm] –"
"3026","2020-07-30","internetbasiert","doppel lichtschalter, 2 lampen, eine stromzufuhr =kurzschlussssss HILFEE Ersatzteilversand. forum.electronicwerkstatt.de, 2020-07-30","https://forum.electronicwerkstatt.de/phpBB/Elektroinstallation/doppel_lichtschalter_2_lampen_eine_stromzufuhr_kurzschlussssss_hilfee-t30893f17_bs0.html","na,ja, okey, deine variante funzt auch und so kann er auf jedenfall keinen kurzschluß mehr machen"
"3027","2019-01-01","internetbasiert","OMSI 2 Add-On Studio Polygon Lite Pack Steam Key für PC online kaufen. Gamesplanet.com, 2019-01-01","https://de.gamesplanet.com/game/omsi-2-add-on-studio-polygon-lite-pack-steam-key--2886-38","10.2m Dublinbus variant, with Engine/Gearbox Options listed above."
"3028","2018-05-25","internetbasiert","Dagestan. flaggenlexikon.de, 2018-05-25","https://flaggenlexikon.de/fdagestn.htm","Variante – variant,"
"3029","2018-08-15","internetbasiert","Variant 25-165 von Hanse Haus | Fertighaus.de. Fertighaus.de, 2018-08-15","https://www.fertighaus.de/haeuser/hanse-variant25165/","Ein reines Weiß, kombiniert mit starken Kontrastfarben wie z. B. Rot oder Grau, verleiht einem Variant 25 einen tollen, modernen Look, der in der Nachbarschaft garantiert die Blicke auf sich zieht."
"3030","2018-12-06","internetbasiert","Neue Pläne von VW, Tesla und BYD sollen Elektromobilität voranbringen. Pv Magazine Deutschland, 2018-12-06","https://www.pv-magazine.de/2018/12/06/neue-plaene-von-vw-tesla-und-byd-sollen-elektromobilitaet-voranbringen/","„Im Laufe des Jahres 2020 werden wir die Produktion der Benzinmodelle Golf und Golf Variant in Zwickau sukzessive beenden – ab 2021 werden wir dann in Zwickau vollelektrische Fahrzeuge bis zu 330.000 Fahrzeuge pro Jahr produzieren“, fährt er fort."
"3031","2020-01-01","internetbasiert","21-630. isover.ch, 2020-01-01","https://www.isover.ch/de/solutions/21-630","Description Unité 1 Unité 2 Variant 1 Variant 2 Variant 3 Variant 4 Variant 5 Variant 6 Kassettenbreite b [mm] 500 600 600 ISOLENE P 032 d [mm] 20 20 20 CLADISOL 032 d [mm] 140 120 140 Wärmeschutz im Winter und Sommer Wärmedurchgangskoeffizient:"
"3032","2020-04-24","internetbasiert","Fahrzeugwerk Zwickau fährt die Produktion des ID.3 wieder hoch. My Bavaria - Das Bayern-Magazin, 2020-04-24","http://my-bavaria.com/zu-den-auto-nachrichten/fahrzeugwerk-zwickau-faehrt-die-produktion-des-id-3-wieder-hoch/","Am Montag, 27. April, folgt im Werk Zwickau der schrittweise Anlauf der Fertigung des Golf Variant."
"3033","2018-12-01","internetbasiert","Gefütterte Jacken für den Winter. gipfelrausch.com, 2018-12-01","http://www.gipfelrausch.com/winterjacken","Marmot Variant Jacketab € 64,95"
"3034","2019-09-13","internetbasiert","Als Rollstuhlfahrer Auto fahren – Meine Erfahrungen mit Kfz Umrüster. Finanzrolli Blog, 2019-09-13","https://finanzrolli.de/als-rollstuhlfahrer-auto-fahren-meine-erfahrungen-mit-kfz-umruester/","Mehrere Besuche in Autohäusern, Probesitzen in verschiedenen Autos und erste Gedanken dazu wie ich alleine meinen Rollstuhl ins Auto bekomme, ergaben, dass ich sowas wie einen Passat Variant benötige."
"3035","2018-04-23","internetbasiert","Volkswagen GTI Vergleich VW up! GTI vs Polo GTI vs Golf GTI - Autogefühl. Autogefühl, 2018-04-23","https://www.autogefuehl.de/2018/04/23/volkswagen-gti-vergleich-vw-up-gti-vs-polo-gti-vs-golf-gti/","Daher macht der Variant den Eindruck, als hätte er das LED-Update nicht bekommen."
"3036","2020-01-01","internetbasiert","Der Volkswagen Golf Variant: Der Allrounder. heisel.de, 2020-01-01","https://www.heisel.de/der-volkswagen-golf-variant-der-allrounder/","Mehr Dynamik für Ihren Golf Variant."
"3037","2020-07-11","internetbasiert","Kondensatormotor Drehzahl halbieren (einfache Regelung) Ersatzteilversand. forum.electronicwerkstatt.de, 2020-07-11","https://forum.electronicwerkstatt.de/phpBB/Elektrische_Probleme/kondensatormotor_drehzahl_halbieren_einfache_regelung-t47502f6_bs0.html","[...]Anschluss) muss hingegen ein viel geringerer Strom flißen.. tut es in der regel auch immer... wenn du dass einmal überprüft hast und alles OK war dann wird der Motor kein Problem mit dem Umrichterbetrieb haben... in der Regel ist dass immer so..aber trotzdem prüfen Umrichter geben immer ein durch PWM generirten Sinus ab der auch recht sauber aussiht... es wird auch die Spannung passend zur Frequenz geregelt und nicht nur der Strom.... du solltest aber einen alten Umrichter kaufen denn die haben keine Kontrolle der Phasensymetrie wie es viele neue varianten haben ...auserdem sind die ja auch günstiger... bis dann... MfG Jens [...]"
"3038","2020-10-06","internetbasiert","Erinnerung: The Dragon Dentist diesen Monat im Kino | Nerd & Otaku Blog | Sevengamer.de. Nerd & Otaku Blog | Sevengamer.de, 2020-10-06","https://sevengamer.de/2020/10/erinnerung-the-dragon-dentist-diesen-monat-im-kino/","Beide varianten werden ab dem 03. Dezember dann im KAZÉ Shop sowie im regulären Handel erhältlich sein."
"3039","2019-11-28","internetbasiert","Danke 5 - Bauantrag24 - Wie viel kostet mein Bauantrag?. Bauantrag24 - Wie viel kostet mein Bauantrag?, 2019-11-28","https://www.bauantrag24.net/danke-5/","[...];padding-bottom: 0px !important;padding-left: 0px !important;}“ desc_font_size=“desktop:70px;“ desc_font_line_height=“desktop:70px;“][/vc_column][vc_column width=“1/3″][stat_counter icon=“Defaults-user“ icon_size=“32″ icon_color=“#ffffff“ icon_style=“circle“ icon_position=“left“ counter_title=“Experten im Netzwerk“ counter_value=“30″ counter_suffix=“+“ speed=“3″ el_class=“accent-icon-bg“ title_font=“font_family:Open Sans Condensed|font_call:Open+Sans+Condensed|variant:700″ title_font_style=“font-weight:700;“ counter_color_txt=“#ffffff“ desc_font=“font_family:Open Sans Condensed|font_call:Open+Sans+Condensed|variant:700″ desc_font_style=“font-weight:700;“ title_font_size=“desktop:20px;“ title_font_line_height=“desktop:26px;“ desc_font_color=“#ffffff“ css_stat_counter=“.vc_custom_1563705915438{margin-top: 50px !important;margin-right: 0px !important;margin-bottom: 0px !important;margin-left: 0px !important;padding-top: 0px !important;padding-right: 0px !important;padding-bottom: 0px !important;padding-left: 0px !important; [...]"
"3040","2019-01-23","internetbasiert","VW bietet Wechselprämie nun bundesweit an. ecomento.de, 2019-01-23","https://ecomento.de/2019/01/23/vw-bietet-wechselpraemie-nun-bundesweit-an/","Die Prämienhöhe beträgt für die Modelle Golf, e-Golf, Golf Sportsvan, Golf Variant, Touran, Passat Limousine und Passat Variant 75 Prozent, für die übrigen Modelle 50 Prozent der jeweiligen Umweltprämie für Neuwagen."
"3041","2020-10-05","internetbasiert","Bodenarbeitsseil Dünn - Prices from 51.60 to 58.75. Bataliru, 2020-10-05","https://bataliru.de/products/bodenarbeitsseil-dunn-prices-from-51-60-to-58-75","[...] Variant for price 56.75 Variant for price 57.25 Variant for price 57.7 Variant for price 58.75 Variant for price 51.6 Variant for price 52 Variant for price 52.1 Variant for price 52.2 Variant for price 52.45 Variant for price 52.55 Variant for price 52.65 Variant for price 53.05 Variant for price 53.15 Variant for price 53.25 Variant for price 53.5 Variant for price 53.6 Variant for price 53.7 Variant for price 54.1 Variant for price 54.2 Variant for price 54.55 Variant for price 54.65 Variant for price 54.75 Variant for price 55.15 Variant for price 55.25 Variant for price 55.6 Variant for price 55.7 Variant for price 56.2 Variant for price 56.65 Variant for price 56.75 Variant for price 57.25 Variant for price 57.7 Variant for price 58.75 In den Einkaufswagen legen Teilen Auf Facebook teilen Twittern Auf Twitter twittern Pinnen Auf Pinterest pinnen Teilen Auf Facebook teilen Twittern Auf Twitter twittern Pinnen Auf Pinterest pinnen [...]"
"3042","2019-04-06","internetbasiert","Ebook ALBA (Shirt / Kleid / Umstandskleid) - Gr. 34-50 inkl. DIN A0 | tragmal. Tragmal, 2019-04-06","https://www.tragmal.de/produkt/ebook-shirt-umstands-kleid-alba-gr-34-50/","tolles schnittmuster, passt wirklich gut. ich habe eine 48 genäht (wie kaufgröße) und mich verliebt. werde sicher noch mehr varianten nähen."
"3043","2020-02-12","internetbasiert","Trittschalter/Footswitch/interrupteur à pied + LED dim - FRAUMAIER.COM. FRAUMAIER.COM, 2020-02-12","https://www.fraumaier.com/produkt/trittschalter-footswitch-interrupteur-a-pied-led-dim/","Scene Switch is dimming via the switch by switching several times in succession in 3 levels: the full brightness, a cozy variant and a candlelight setting, which is also suitable as a night light."
"3044","2018-10-26","internetbasiert","Suche. tksoft-online.de, 2018-10-26","http://www.tksoft-online.de/index.php/ms-access/codes/codeschnipsel-datum-zeit/137-alter-berechnen","Public Function AlterBerechnen(dateGebdatum As Date, Optional dateDatum As Variant) As Integer If IsMissing(dateDatum) Then dateDatum = Date AlterBerechnen = Year(dateDatum) - Year(dateGebdatum) If DateSerial(Year(dateDatum), _ Month(dateGebdatum), Day(dateGebdatum)) > dateDatum Then AlterBerechnen = AlterBerechnen - 1 End If End Function"
"3045","2020-01-01","internetbasiert","Der Volkswagen Golf Variant: Der Allrounder. heisel.de, 2020-01-01","https://www.heisel.de/der-volkswagen-golf-variant-der-allrounder/","Denn auf Wunsch erhalten Sie für Ihren Golf Variant feinste Leder- und ArtVelours-Ausstattungen, unter anderem mit Sitzheizung und griffigem Multifunktionslenkrad."
"3046","2018-05-25","internetbasiert","Sowjetunion (UdSSR). flaggenlexikon.de, 2018-05-25","https://flaggenlexikon.de/fudssr.htm","– pattern of the first variant (until ca. 1937) of the flags for the Soviet Republics and Autonomous Soviet Republics in the USSR"
"3047","2019-06-29","internetbasiert","Der neue Passat: vernetzt, elektrisch, automatisiert. AutoMotorTest.de, 2019-06-29","https://automotortest.de/index.php/2019/06/29/der-neue-passat-vernetzt-elektrisch-automatisiert/","Erneut wird der Bestseller als Limousine und Variant durchstarten."
"3048","2019-05-18","internetbasiert","Birgit Schneider-Bönninger auf der republica 2019 / Vielversprechendes für Beteiligungskultur in Bonn. Michael Lobeck., 2019-05-18","https://promediare.com/2019/05/18/birgit-schneider-boenninger-auf-der-republica-2019-vielversprechendes-fuer-beteiligungskultur-in-bonn/","12:12 sind dann gibt es zwei varianten sich"
"3049","2020-08-03","internetbasiert","Variant 3519 TB | 361 x 185 cm - 3,5t | Dreiseitenkipper Anhänger - Blattfederung. PKW-Anhänger kaufen bei P+P Anhängercenter | Wohnmobil Vermietung & Anhängervermietung, 2020-08-03","http://www.ppanhaengercenter.com/store/p109/variant-3519TB-360x185-3.5t-dreiseitenkipper-blattfederung-anhaenger.html","Variant 3519 TB | 361x185cm - 3,5t | Dreiseitenkipper Anhänger - Blattfederung"
"3050","2020-12-17","internetbasiert","535. Nordrhein-Westfalen, das „Corona“-Narrativ und der riskante genetische Impfstoff. Sägefisch, 2020-12-17","https://jacquesauvergne.wordpress.com/2020/12/17/535/","Daar verspreidt de nieuwe variant van het virus zich erg snel."
"3051","2020-01-01","internetbasiert","Vezeko Gitter-Aufsatz 100cm für KONOS 251x177|Hakengerät. Koch Anhängerwerke, 2020-01-01","https://www.kochanhaengerwerke.de/baumaschinen/multikipper/vezeko-gitter-aufsatz-100cm-fuer-konos-251x177-hakengeraet","Variant Heckkipper Variant 168x320cm 2,7t | E-Pumpe | Rampen | Aktion"
"3052","2020-11-03","internetbasiert","VW Golf 8 Variant - Kompaktkombi in sechster Generation - NewCarz.de. NewCarz.de, 2020-11-03","https://www.newcarz.de/2020/11/03/vw-golf-8-variant-kompaktkombi-in-sechster-generation/","Trotz dieser neuen Sportlichkeit bleibt der Volkswagen ein konsequentes Multifunktionstool mit jeder Menge Platz: Der neue Golf Variant bietet mit bis zu 1.642 Litern Kofferraumvolumen und deutlich erweiterter Beinfreiheit im Fond noch mehr Variabilität und Komfort als sein Vorgänger."
"3053","2018-05-28","internetbasiert","Atlantik Elektronik NB-IoT Seminar mit Deutscher Telekom, Quectel und Antenova. 0800hardware.de, 2018-05-28","http://0800hardware.de/atlantik-elektronik-nb-iot-seminar-mit-deutscher-telekom-quectel-und-antenova/","The ease of use of a Nano board with the addition of secure IoT and BT connectivity Small (45mm x 18mm), robust and powerful board; 3.3V variant of the Nano family."
"3054","2019-12-13","internetbasiert","Auf dem Weg in die Elektromobilität. steve-r.de, 2019-12-13","https://steve-r.de/2019/12/auf-dem-weg-in-die-elektromobilitat/","Auch gebraucht und bei ca. 120.000 km dann abgegeben und ebenfalls wieder einen Passat Variant (bis 140.000 km) und auch danach, 2008, dann meinen Passat Variant (steht aktuell bei knapp 280.000 km), den ich bis heute noch fahre."
"3055","2019-04-12","internetbasiert","Wie China die Sicherheitsstandards des IoT diktiert. 0800hardware.de, 2019-04-12","http://0800hardware.de/wie-china-die-sicherheitsstandards-des-iot-diktiert/","Small (45mm x 18mm), robust and powerful board; 3.3V variant of the Nano family."
"3056","2020-01-01","internetbasiert","Einzelfertigung. RMM Metallbearbeitung GmbH, 2020-01-01","https://www.rmm-metallbearbeitung.de/know-how/einzelfertigung/","[...]333333″ icon=“none“ icon_size=““ btn_icon_pos=“ubtn-sep-icon-right-rev“ btn_border_style=“solid“ btn_color_border=“#ffffff“ btn_color_border_hover=“#ffffff“ btn_border_size=“2″ btn_radius=“2″ btn_font_style=“font-weight:700;“ css_adv_btn=“.vc_custom_1572949728024{margin-top: 0px !important;margin-bottom: 0px !important;padding-top: 0px !important;padding-bottom: 0px !important;}“ btn_font_size=“desktop:18px;“ btn_line_height=“desktop:28px;“ btn_font_family=“font_family:Roboto|font_call:Roboto|variant:700″][/vc_column][/vc_row] [...]"
"3057","2018-03-13","internetbasiert","Süß-pikantes „Restl“-Knäcke. Ernährungssachen, 2018-03-13","https://ernaehrungssachen.at/suess-pikantes-restl-knaecke/","Beide varianten sind toll!"
"3058","2020-01-01","internetbasiert","Koch Deckelanhänger ""CROSSLINE"" 125x250cm 1300kg|Höhe 65cm| Aluboden | Typ 4.13. Koch Anhängerwerke, 2020-01-01","https://www.kochanhaengerwerke.de/koch-anhaenger/gebremste-anhaenger/koch-deckelanhaenger-crossline-125x250cm-1300kg-hoehe-65cm-aluboden-typ-4.13","Variant Kofferanhänger Black Edition 148x258cm H:157 1,35t | Türen +Seitentür"
"3059","2018-05-31","internetbasiert","VW Golf Variant: Zuverlässigkeit und Erfolg seit 1993. Auto-Kombi, 2018-05-31","https://www.kombi.de/vw-golf-variant/","Warum der Golf Variant bei Kombis heraussticht"
"3060","2020-07-09","internetbasiert","Kollagen Forte. Lee-Sport® c/o LeeGroup GmbH, 2020-07-09","https://whey-protein.ch/kollagen-forte-pulver/","die variante mit orangen aroma ist angenehm zum trinken. bei der variante ohne aroma trinke ich das pulver mit zitronensaft, das geht gut."
"3061","2020-01-01","internetbasiert","Fräsen. RMM Metallbearbeitung GmbH, 2020-01-01","https://www.rmm-metallbearbeitung.de/know-how/fraesen/","[...]“#ffffff“ btn1_text_color=“#ffffff“ btn1_text_hovercolor=“#333333″ btn2_text_color=“#ffffff“ btn2_text_hovercolor=“#333333″ title_font_size=“desktop:18px;“ title_line_ht=“desktop:28px;“ btn_border_radius=“2″ btn1_heading_style=“font-weight:700;“ btn2_heading_style=“font-weight:700;“ css_dualbtn_design=“.vc_custom_1581678130098{margin-top: 0px !important;margin-bottom: 0px !important;padding-top: 0px !important;padding-bottom: 0px !important;}“ btn_width=“250″ btn1_font_family=“font_family:Roboto|font_call:Roboto|variant:700″ btn2_font_family=“font_family:Roboto|font_call:Roboto|variant:700″][/vc_column][/vc_row][vc_row equal_height=“yes“ bg_type=“bg_color“ bg_override=“full“ css=“.vc_custom_1572950423405{border-top-width: 50px !important;padding-bottom: 50px !important;}“][vc_column][vc_column_text css=“.vc_custom_1581677490237{margin-top: 30px !important;}“]Mehr als 1.000 m2 Produktionsfläche mit modernstem Maschinenpark und 20 qualifizierten Fachkräften machen uns somit zu einem produktiven und zuverlässigen Partner. [...]"
"3062","2020-09-23","internetbasiert","Dyckerhoff liefert für Elektromobilität. dyckerhoff.com, 2020-09-23","https://www.dyckerhoff.com/-/vw-emden","Derzeit werden im Volkswagen Werk Emden hauptsächlich die Modelle Passat als Limousine und Variant sowie Arteon und Arteon Shooting Brake als Verbrenner bzw."
"3063","2018-08-16","internetbasiert","projektstudie hochhaus, unterengstringen. arch5.ch, 2018-08-16","https://arch5.ch/projektstudie-hochhaus-unterengstringen/","projektstudie hochhaus, unterengstringen Veröffentlicht 16. August 2018 projektstudie hochhaus unterengstringen wohnungsspiegel 40 wohnungen – 20 x 1½ zimmer | 20 x 2½ zimmer volumen ca. 13’500 m³, sia 116 grundstücksfläche 1’803 m² variante 1 variante 2 variante 3 Kategorien:mehrfamilienhäuser vorheriger Beitrag neubau efh mit doppelgarage, hüntwangen nächster Beitrag neubau mfh mit tiefgarage, höri"
"3064","2020-01-01","internetbasiert","Volkswagen Passat Variant in Landkreis Harz kaufen oder leasen. ahs-schulze.de, 2020-01-01","https://www.ahs-schulze.de/fahrzeuge/Volkswagen-Passat-Variant-in-Landkreis-Harz","Details zum VOLKSWAGEN PASSAT VARIANT anzeigen"
"3065","2018-05-23","internetbasiert","Mit IoT Analytics Maschinendaten richtig auswerten. 0800hardware.de, 2018-05-23","http://0800hardware.de/mit-iot-analytics-maschinendaten-richtig-auswerten/","Small (45mm x 18mm), robust and powerful board; 3.3V variant of the Nano family."
"3066","2018-05-25","internetbasiert","Kärnten. flaggenlexikon.de, 2018-05-25","https://flaggenlexikon.de/foestkrt.htm","Carinthia is the only federal state in Austria which uses a coat of arms in the grater coat of arms variant."
"3067","2019-08-06","internetbasiert","Batman (Rebirth) 29, 5,99 €. Batman (Rebirth) 29, 5,99 €, 2019-08-06","https://www.merchfox.at/Batman-Rebirth-29_1","Heft Variantcover: no variant Erstveröffentlichung: 06.08.2019 Pages: 76 Autor/s: Tom King Artists: Tony S."
"3068","2019-06-05","internetbasiert","Klinische FragestellungCADASIL, Differentialdiagnose. Amedes Genetics, 2019-06-05","https://www.amedes-genetics.de/krankheiten/krankheit/detail/cadasil-differentialdiagnose.html","Allelic: Fabry disease, cardiac variant (GLA)"
"3069","2020-12-21","internetbasiert","Endzeit-Ticker Woche 52. miryline.blogspot.com, 2020-12-21","http://miryline.blogspot.com/2020/12/endzeit-ticker-woche-52.html","Why is South Africa's new variant so scary?"
"3070","2018-01-25","internetbasiert","Weltweite Nutzerorganisation für offene IoT-Plattform MindSphere gegründet. 0800hardware.de, 2018-01-25","http://0800hardware.de/weltweite-nutzerorganisation-fuer-offene-iot-plattform-mindsphere-gegruendet/","Small (45mm x 18mm), robust and powerful board; 3.3V variant of the Nano family."
"3071","2020-08-03","internetbasiert","Variant 3017 TB | 320x168cm - 3t | Dreiseitenkipper Anhänger - Blattfederung - Bordwandaufsatz - Flachplane. PKW-Anhänger kaufen bei P+P Anhängercenter | Wohnmobil Vermietung & Anhängervermietung, 2020-08-03","http://www.ppanhaengercenter.com/store/p798/Variant-3017TB-Dreiseitenkipper-Bordwandaufsatz-Flachplane.html","Variant 3017 TB | 320x168cm - 3t | Dreiseitenkipper Anhänger - Blattfederung - Bordwandaufsatz - Flachplane"
"3072","2019-10-09","internetbasiert","Süßes oder Saures.... hummelellli.blogspot.com, 2019-10-09","https://hummelellli.blogspot.com/2019/10/sues-oder-saures.html","machen, aber es war doch kräftig hinüber, so dass das hier nun eine super variante ist."
"3073","2019-11-01","internetbasiert","Volkswagen. Volkswagen Passat Variant Business 2.0 TDI Rear-View/LED/Na, 2019-11-01","https://autos-heise.de/fahrzeugdetail/","Volkswagen Passat Variant Business 2.0 TDI Rear-View/LED/Na Technische Daten"
"3074","2019-02-28","internetbasiert","Sondermodell zum Marktstart. Autonotizen, 2019-02-28","https://autonotizen.de/neuigkeiten/vw-passat-r-line-edition-sondermodell-2019","Der VW Passat R-Line Edition wird ausschließlich als Variant kommen und nur mit dem jeweils stärksten Benziner bzw."
"3075","2019-05-22","internetbasiert","Forscher: Teslas Vorsprung beim Autonomen Fahren ist fast schon zu groß. ecomento.de, 2019-05-22","https://ecomento.de/2019/05/22/tesla-vorsprung-beim-autonomen-fahren-fast-schon-zu-gross-forscher/","Bei tesla waren das nur die Q3 + Q4 2018 als die fan-bestell-welle in USA ausgeliefert wurde und entsprechende erlöse für die hochpreisigen varianten erzielt wurden."
"3076","2019-12-09","internetbasiert","Skoda Superb Combi Test mit Fotos und Expertenmeinung.. carwow.de, 2019-12-09","https://www.carwow.de/skoda/superb-combi","Im Gepäckabteil eines Audi A6 Avant lassen sich 565 bis 1.680 Liter und in einem VW Passat Variant 650 bis 1.780 Liter verstauen und in einem der größten Kombis der oberen Mittelklasse, dem Mercedes E-Klasse T-Modell, mit 640 bis 1.820 Liter immer noch weniger als in Skodas Kombiflaggschiff."
"3077","2020-01-01","internetbasiert","Baumspende / Eberesche - Klimanko. Klimanko 2020. All Rights Reserved., 2020-01-01","https://www.klimanko.de/klimashop/baumspende-eberesche/","[...]12] => wpsg_mod_wirecard,[13] => wpsg_mod_si,[14] => wpsg_mod_test,[15] => wpsg_mod_produktartikel,[16] => wpsg_mod_creditcard,[17] => wpsg_mod_targo,[20] => wpsg_mod_autodebit,[30] => wpsg_mod_productindex,[70] => wpsg_mod_auftragsbestaetigung,[85] => wpsg_mod_produktattribute,[90] => wpsg_mod_stock,[95] => wpsg_mod_weight,[96] => wpsg_mod_userpayment,[97] => wpsg_mod_scaleprice,[98] => wpsg_mod_varianten,[101] => wpsg_mod_downloadplus,[105] => wpsg_mod_basketteaser,[120] => wpsg_mod_produktbilder,[125] => wpsg_mod_protectedshops,[130] => wpsg_mod_willcollect,[135] => wpsg_mod_shippingadress,[160] => wpsg_mod_gutschein,[161] => wpsg_mod_voucherproduct,[300] => wpsg_mod_export,[440] => wpsg_mod_statistics,[450] => wpsg_mod_piwik,[500] => wpsg_mod_freeshipping,[599] => wpsg_mod_newsletter,[600] => wpsg_mod_nlsatolo,[601] [...]"
"3078","2018-07-23","internetbasiert","Mit Intent-based Networking IoT-Management verbessern. 0800hardware.de, 2018-07-23","http://0800hardware.de/mit-intent-based-networking-iot-management-verbessern/","The ease of use of a Nano board with the addition of secure IoT and BT connectivity Small (45mm x 18mm), robust and powerful board; 3.3V variant of the Nano family."
"3079","2018-05-18","internetbasiert","Brückenbau: Oeventroper Nein zu Vollsperrung kommt bei Straßen.NRW an. Blickpunkt Arnsberg-Sundern-Meschede, 2018-05-18","https://www.blickpunkt-arnsberg-sundern-meschede.de/brueckenbau-oeventroper-nein-zu-vollsperrung-kommt-bei-strassen-nrw-an/","Vorteile dieser variante sind eine ebenfalls (fast) dauerhafte Aufrechterhaltung des Verkehrs und Beibehaltung der Einsatzgrundzeit des Rettungsdienstes."
"3080","2019-01-01","internetbasiert","Gallery-Site | ERM-Siesing Anlagenbau. ERM -Dipl.-Ing. Siesing GmbH & Co.KG, 2019-01-01","https://erm-siesing.de/gallery-site/","/* —– Anlagenbau VARIANTE —– */"
"3081","2020-01-08","internetbasiert","Hummer H1 - Stretchlimousinen Partybus und Oldtimer Verleih. Stretchlimousinen Partybus und Oldtimer Verleih, 2020-01-08","https://www.limos-mieten.de/mietwagen/hummer-h1/","Bei uns in der Camouflage- variante zu mieten."
"3082","2020-04-27","internetbasiert","VW EU-Neuwagen in Regensburg günstig kaufen | Lieferservice Regensburg. Copyright 2020 www.audaris.de, 2020-04-27","https://www.auto-korn.de/regensburg/vw/vw-neuwagen/","Während Jetta und Golf Variant noch zu den Kompakten zählen, ist der Passat ein weiterer Klassiker, der bereits aus den 1970er Jahren bekannt ist."
"3083","2018-03-13","internetbasiert","malaysia ׀ borneo – 100% dschungelfeeling • fernwaerts-blog.de. fernwaerts-blog.de, 2018-03-13","https://fernwaerts-blog.de/neues/malaysia-borneo-100-dschungelfeeling/","[...] und super lecker. wie früher samstags daheim. wir teilen uns eine portion und landen danach, immer mal wieder auf der suche nach neuen geschmäckern, vor einem kasten, unter anderem gefüllt mit tau sar pau und cha siew pau (siehe bild). die fluffigen teilchen sehen aus wie dampfnudeln, was sie schon sehr sympathisch erscheinen lässt. man sieht uns ratlos und der junge mann vom stand erklärt uns lachend, worum es sich dabei handelt. am leckersten ist tau sar pau. großartig! vom geschmack tatsächlich wie dampfnudeln ist diese variante mit roter-sojabohnen-paste gefüllt. es schmeckt eher wie ein nachtisch, aber nicht zu süß. genau richtig. in der anderen „nudel“ steckt gegrilltes schweinefleisch. auch lecker, aber fast ein bisschen fad und langweilig. [...]"
"3084","2020-06-30","internetbasiert","Fünf Gründe DSA NICHT zu spielen. neueabenteuer.com, 2020-06-30","http://neueabenteuer.com/fuenf-gruende-dsa-nicht-zu-spielen/","1. die zahlen variante held” ich mach nen wuchtschlag plu5″meister “ok ne 8 oder weniger und du triffst ” treffer sp 1w+5+5 blablabla"
"3085","2018-04-10","internetbasiert","KB4093112 Update für Windows 10 Version 1709 Download Build 16299.371. KB4093112 Update für Windows 10 Version 1709 Download Build 16299.371 » Download, Fall Creators, Update, 2018-04-10","https://www.windows-faq.de/2018/04/10/kb4093112-update-fuer-windows-10-version-1709-download-build-16299-371/","Befolgent die in KB4073119 für Windows Client (IT Pro) beschriebenen Anweisungen, um die Verwendung von IBPB in einigen AMD-Prozessoren (CPUs) zu aktivieren, um Spectre Variant 2 zu mindern, wenn vom Benutzerkontext zum Kernelkontext gewechselt wird."
"3086","2020-04-11","internetbasiert","Reif für die Abwahl: Kabinett Merkel. Linke Zeitung, 2020-04-11","https://linkezeitung.de/2020/04/11/reif-fuer-die-abwahl-kabinett-merkel/","propaganda, das coronavirus/div. varianten gibt es schon seit jahren auf der ganzen welt und hat u.a. zu den 25000 deutschen „grippetoten“ im winter 2017/18 geführt—eine frage stellt sich nun:"
"3087","2020-01-01","internetbasiert","24-300. isover.ch, 2020-01-01","https://www.isover.ch/de/solutions/24-300","Description Unité 1 Unité 2 Variant 1 Variant 2 Variant 3 Variant 4 Variant 5 Variant 6 PB M 030 d [mm] 60 60 60 60 60 60 ISOCONFORT 032 PR d [mm] 120 140 160 180 200 240 ISOCOMPACT 034 d [mm] 60 60 60 60 60 60 Wärmeschutz im Winter und Sommer *** *** *** *** *** **** Wärmedurchgangskoeffizient:"
"3088","2019-11-05","internetbasiert","VW Golf 8: Test, Verbrauch, Bilder, Daten, Motoren. ADAC, 2019-11-05","https://www.adac.de/rund-ums-fahrzeug/autokatalog/marken-modelle/vw/vw-golf/","Weitere Versionen: GTI, GTD, GTE, R und Variant"
"3089","2019-03-12","internetbasiert","kajnok | Low Carb - Kohlenhydratfreie Lebensmittel - Susi und Kay Projekte. Susi und Kay Projekte, 2019-03-12","https://susi-und-kay-projekte.de/kajnok-low-carb-kohlenhydratfreie-lebensmittel/","Wir lieben sie in jeder erdenklichen Form und variante."
"3090","2019-01-01","internetbasiert","Original Aluminium Felge VW | Top-Preis: 1.104,90 €. Top-Preis: 1.104,90 €, 2019-01-01","https://www.basenio.de/guenstig-kaufen/original-aluminium-felge-vw-57193/_golf-7/","[...] 1598 ccm, 85 KW, 115 PS VW Golf VII Variant 2013/05-2019/12 BA5 1.6 TDI 1598 ccm, 81 KW, 110 PS VW Golf VII Variant 2013/05-2019/12 BA5 1.6 TDI 1598 ccm, 77 KW, 105 PS VW Golf VII Variant 2013/05-2019/12 BA5 1.6 TDI 4motion 1598 ccm, 77 KW, 105 PS VW Golf VII Variant 2013/05-2019/12 BA5 1.6 TDI 4motion 1598 ccm, 81 KW, 110 PS VW Golf VII Variant 2015/05-2019/12 BA5 1.0 TSI 999 ccm, 85 KW, 115 PS VW Golf VII Variant 2016/11-2019/12 BA5 1.0 TSI 999 ccm, 81 KW, 110 PS VW Golf VII Variant 2015/01-2019/12 BA5 2.0 GTD 1968 ccm, 135 KW, 184 PS VW Golf VII Variant 2015/03-2019/12 BA5 2.0 R 4motion 1984 ccm, 206 KW, 280 PS VW Golf VII Variant 2015/03-2019/12 BA5 2.0 R 4motion 1984 ccm, 221 KW, 300 PS VW Golf VII Variant 2016/09-2019/12 BA5 2.0 R 360S 4motion 1984 ccm, 265 KW, 360 PS VW Golf VII Variant 2013/04-2019/12 BA5 2.0 TDI 1968 ccm, [...]"
"3091","2019-12-23","internetbasiert","VW Amarok 2.0 Canyon 4Motion (Pick-up). Web-Set Interactive Gmbh, 2019-12-23","https://www.car7.ch/auto/VW-Amarok-2-0-Canyon-4Motion-Pick-up--_0_32055.html","VW Golf VI Variant 1.6 TDI BlueMT Trendl. DSG"
"3092","2018-02-08","internetbasiert","Influencer - das Werbemarketing der Zukunft?. Klar und Wertvoll, 2018-02-08","https://klarundwertvoll.de/influencer-das-werbemarketing-der-zukunft/","Viele verwenden dafür die Hashtags #Werbung oder die englische variante #ad. Häufig findet man allerdings Posts mit offensichtlicher Produktplatzierung ohne jegliche Markierung, wodurch der Vorwurf der Schleichwerbung immer öfter fällt."
"3093","2018-06-01","internetbasiert","Ein individuelles Haus ganz nach den Wünschen der Bauherren. Hanse Haus, 2018-06-01","https://www.hanse-haus.ch/de/fertighaus-referenzen/familie-lange/","Merkmale Hausserie Variant Verwendung Einfamilienhaus Dachform Satteldach Dachneigung 35° Wohnfläche 116,00 m² Anzahl Geschosse 1 Baujahr 2019 Ausbaustufe Schlüsselfertig"
"3094","2020-01-01","internetbasiert","Matador MPS 400 Variant All Weather 2 195/75 R16 10 R. Autoreifenfinder, 2020-01-01","https://www.autoreifenfinder.ch/matador/mps-400-variant-all-weather-2/195-75-r16-10r-105304/","""Matador MPS 400 Variant All Weather 2 ( 195/75 R16C 107/105R 8PR )"""
"3095","2020-09-21","internetbasiert","Jetzt bestellbar: Der neue VW Golf Variant. Autohaus Stoppanski, 2020-09-21","https://www.stoppanski.de/news/golf-variant-bestellbar/","Effiziente Antriebe und umfangreiche Serienausstattung mit zahlreichen Komfort- und Assistenzsystemen kennzeichnen neuen Golf Variant"
"3096","2018-11-01","internetbasiert","VeriSilicon kündigt Ultra Low Power BLE 5.0 RF IP basierend auf GLOBALFOUNDRIES-Prozess 22FDX FD-SOI für IoT-Anwendungen an. VeriSilicon kündigt Ultra Low Power BLE 5.0 RF IP basierend auf GLOBALFOUNDRIES-Prozess 22FDX FD-SOI für IoT-Anwendungen an, 201...","http://0800hardware.de/verisilicon-kuendigt-ultra-low-power-ble-5-0-rf-ip-basierend-auf-globalfoundries-prozess-22fdx-fd-soi-fuer-iot-anwendungen-an/","The ease of use of a Nano board with the addition of secure IoT and BT connectivity Small (45mm x 18mm), robust and powerful board; 3.3V variant of the Nano family."
"3097","2020-11-10","internetbasiert","Zodiac Boot kaufen - N-ZO 680. Sportboot Center Hannover GmbH, 2020-11-10","https://www.sportbootcenter.de/zodiac_n-zo-680/","EIGENSCHAFTEN VARIANTEN AUSSTATTUNG"
"3098","2019-01-01","internetbasiert","OMSI 2 Add-On Studio Polygon Lite Pack Steam Key für PC online kaufen. Gamesplanet.com, 2019-01-01","https://de.gamesplanet.com/game/omsi-2-add-on-studio-polygon-lite-pack-steam-key--2886-38","10.8m Dublinbus variant, with Engine/Gearbox Options listed above."
"3099","2020-04-22","internetbasiert","Motorola EDGE - der "" schnellste, lauteste und gewagteste Smartphone-Launch des Jahres""?. Testberichte, News, Tablets & Smartphones, 2020-04-22","https://www.appdated.de/2020/04/motorola-edge-das-moto-smartphon-mit-stift/","Rear Camera(s) 64MP + 16MP + 8MP Front Camera(s) 25MP Battery and Charging 4500mAhNo wireless charging Connectivity NFC, at least one variant with dual SIM Audio Dual speakers Buttons and Ports 3.5mm headphone jackUSB Type-C Power button Volume rocker Security Under-display fingerprint scanner Software Android* 10"
"3100","2019-12-19","internetbasiert","Fillikid Wendeauflage Muslin 48x74 cm | Kinderhaus Blaubär. kinderhaus-blaubaer.de, 2019-12-19","https://www.kinderhaus-blaubaer.de/fillikid-wendeauflage-muslin-48x74-cm_34794_56272","[...] { _tsRatingConfig = { tsid : 'X0C74C395F78C2D0663798C126CCFC286', element : '#ts_review_sticker', variant : 'testimonial', reviews : '5', betterThan : '3.0', richSnippets : 'on', backgroundColor : '#FFDC0F', linkColor : '#000000', quotationMarkColor : '#FFFFFF', fontFamily : 'Arial', reviewMinLength : '10' }; var scripts = document.getElementsByTagName('SCRIPT'), me = scripts[scripts.length - 1]; var _ts = document.createElement('SCRIPT'); _ts.type = 'text/javascript'; _ts.async = true; _ts.src = '//widgets.trustedshops.com/reviews/tsSticker/tsSticker.js'; me.parentNode.insertBefore(_ts, me); _tsRatingConfig.script = _ts; })(); [...]"
"3101","2020-11-16","internetbasiert","VWs Elektro-Kombi kommt erst 2023, dafür mit 700 Kilometer Reichweite. ecomento.de, 2020-11-16","https://ecomento.de/2020/11/16/vw-elektroauto-kombi-aero-b-space-vizzion-2023-700-kilometer-reichweite/","Vielleicht hat man Angst dass dann weniger Leute den ID.4 kaufen, andererseits kaufen auch genug Leute den Tiguan und nicht den Golf Variant."
"3102","2020-07-10","internetbasiert","günstige BGA-Station Ersatzteilversand. forum.electronicwerkstatt.de, 2020-07-10","https://forum.electronicwerkstatt.de/phpBB/Suche/guenstige_bga_station-t121984f11_bs0.html","Also wenn eine mit Standardfunktionen völlig für Laptopreparaturen ausreicht, dann wäre das eine günstige variante für mich."
"3103","2020-05-16","internetbasiert","Nordvpn wir können ip hadopi verfolgen – Nordvpn : Warnung und Prüfung. Bester VPN-Vergleicher, 2020-05-16","http://minecraftopia.de/nordvpn-wir-konnen-ip-hadopi-verfolgen-nordvpn-warnung-und-prufung/","Wo nordvpn Ein-Jahres-Vertrag er nach einigen servern ist derzeit schneller, aber sie beim zweiten variante zahlt man habe momentan zwei jahre zugriff auf nutzer unter windows oder als bei der website."
"3104","2019-08-22","internetbasiert","Weinstöpsel - FAIRWERK. DIE STIFTUNG ATTL, 2019-08-22","https://fairwerk.de/produkte-weinstoepsel/","The anthracite/aubergine colour variant is perfectly suited for red wine, while anthracite/lime green ideally matches white wine."
"3105","2020-01-01","internetbasiert","Mike Matusow holt Bracelet. netpoker.de, 2020-01-01","http://www.netpoker.de/mike-matusow-holt-bracelet/","Wie bei diesen exotischen varianten gewohnt, so war auch hier die Dichte an Profis wieder einmal enorm."
"3106","2018-05-18","internetbasiert","Zu verkaufen. Web-Set Interactive Gmbh, 2018-05-18","https://www.car7.ch/auto/Zu-verkaufen-_6382_0.html","VW Golf VI Variant 1.6 TDI BlueMT Trendl. DSG"
"3107","2019-06-29","internetbasiert","Der neue Passat: vernetzt, elektrisch, automatisiert. AutoMotorTest.de, 2019-06-29","https://automotortest.de/index.php/2019/06/29/der-neue-passat-vernetzt-elektrisch-automatisiert/","Mit nun 13 kWh gespeicherter Energie vergrößert sich die elektrische Reichweite im neuen WLTP-Zyklus auf bis zu 55 km im Fall des Variant; 56 km sind es in Verbindung mit der Limousine."
"3108","2018-02-02","internetbasiert","Panel für Schwerhörigkeit - CeGaT GmbH. CeGaT GmbH, 2018-02-02","https://www.cegat.de/diagnostik/panel-diagnostik/schwerhoerigkeit/","Umfangreiche Befundung: Die Interpretation umfasst einzelne Nukleotidvarianten (single-nucleotide variant, SNVs), kleine Insertionen und Deletionen (INDELs) und Kopienzahlvarianten (copy number variants, CNVs) von einzelnen und / oder mehreren Exons."
"3109","2020-01-01","internetbasiert","Matador MPS 400 Variant All Weather 2 215/65 R15 10 T. Autoreifenfinder, 2020-01-01","https://www.autoreifenfinder.ch/matador/mps-400-variant-all-weather-2/215-65-r15-10t-105324/","Matador MPS 400 Variant All Weather 2 ( LT215/65 R15C 104/102T 6PR)"
"3110","2018-09-17","internetbasiert","#0829 [Session-Life] Comic Loots von 04.2018 – 08.2018. Pulchritudinous, 2018-09-17","https://www.pulchi.de/2018/09/0829-session-life-comic-loots-von-04-2018-08-2018/","Heft Seiten: 68 Preis: 5,99 EUR Preis Variant: 10,00 EUR Preis Variant (Comic Room): 10,00 EUR"
"3111","2020-03-03","internetbasiert","Blog | clickeshop.de. clickeshop.de, 2020-03-03","https://clickeshop.de/blog/m921","in the shopping cart, the product is displayed in the selected variant"
"3112","2020-01-01","internetbasiert","Debon Dreiseitenkipper DDK 180x306 2,6t|E-Pumpe|Aktion. Koch Anhängerwerke, 2020-01-01","https://www.kochanhaengerwerke.de/kipper/3-seitenkipper/debon-dreiseitenkipper-ddk-180x306-2-6t-e-pumpe-aktion","Variant Heckkipper Variant 168x320cm 2,7t | E-Pumpe | Rampen | Gitter | Aktion"
"3113","2018-11-28","internetbasiert","Bananenchips selber machen: Rezept für Dörrautomat & Ofen. Richtig dörren, 2018-11-28","https://xn--richtig-drren-qmb.de/rezepte/trockenobst-und-gemuese/bananenchips-selber-machen/","Allerdings gibt es diverse Variant also dünne Stücke von 2 bis maximal 4 Zentimetern dicke"
"3114","2020-07-22","internetbasiert","PARADOR Klebe-Vinylboden Basic 2.0 Eiche Variant geschliffen gebürstet struktur Stabmix. Holz-Richter GmbH, 2020-07-22","https://www.casando.de/parador-klebe-vinylboden-basic-2-0-eiche-variant-geschliffen-gebuerstet-struktur-stabmix-34966545-produkt/","Der Vinyl Boden Eiche Variant geschliffen Stabmix mit gebürsteter Struktur ist ein Produkt aus der Serie Basic 2.0 und erste Wahl für alle Böden, die starker Beanspruchung ausgesetzt sind und dabei stets gut aussehen sollen."
"3115","2020-07-16","internetbasiert","Gitarrenefecktgerät selbstbau (mit µC) Ersatzteilversand. forum.electronicwerkstatt.de, 2020-07-16","https://forum.electronicwerkstatt.de/phpBB/Microcontroller/gitarrenefecktgeraet_selbstbau_mit_c-t74044f28_bs0.html","da ich das gebastelt hab, bevor ich wiklich angefangen hab, hab ich mich für ne art ad on variante entschieden..."
"3116","2020-08-03","internetbasiert","Variant 3519 TB | 361 x 185 cm - 3,5t | Dreiseitenkipper Anhänger - Blattfederung. PKW-Anhänger kaufen bei P+P Anhängercenter | Wohnmobil Vermietung & Anhängervermietung, 2020-08-03","http://www.ppanhaengercenter.com/store/p109/variant-3519TB-360x185-3.5t-dreiseitenkipper-blattfederung-anhaenger.html","Variant 3519 TB | 361x185cm - 3,5t | Dreiseitenkipper Anhänger - Blattfederung"
"3117","2020-01-01","internetbasiert","Der Volkswagen Golf Variant: Der Allrounder. heisel.de, 2020-01-01","https://www.heisel.de/der-volkswagen-golf-variant-der-allrounder/","Mit welcher Reifen-Felgen-Kombination7 Ihr Golf Variant am besten aussieht, ist reine Ansichtssache."
"3118","2020-11-25","internetbasiert","ZDF Antje Pieper die Flitzpiepe macht ZDF spezial-Kultur am 25. November 2020. Dietmar Moews's Blog, 2020-11-25","https://lichtgeschwindigkeit.wordpress.com/2020/11/25/zdf-antje-pieper-die-flitzpiepe-macht-zdf-spezial-kultur-am-25-november-2020/","Wenn sich eine neue Verhaltens-Form stark erweist, kann sie verstetigt werden – wenn nicht ist es normales variantes Gewusel des Alltags."
"3119","2020-12-31","internetbasiert","VW Passat Variant EU Neuwagen | Jütten und Koolen. Jütten und Koolen, 2020-12-31","https://www.juetten-koolen.de/fahrzeuge/eu-neuwagen/VW-Passat-Variant/","Nicht nur im Innenraum wird deutlich, dass der VW Passat Variant auf einen designstarken Ausdruck setzt."
"3120","2020-12-08","internetbasiert","News von encoway | encoway. Encoway, 2020-12-08","https://www.encoway.de/news/","Die Smart Variant.CON ist das größte Jahrestreffen der deutschsprachigen Community im Variantenmanagement"
"3121","2019-06-01","internetbasiert","KUNSTSTOFF. lbprofile.de, 2019-06-01","https://lbprofile.de/kunststoff/","Das Kunststoffsystem Schüco LivIng Variant ist ein innovatives 6+1 Raumsystem, das speziell entwickelt wurde, um optisch perfekte Holzfenster nachzuahmen."
"3122","2019-06-02","internetbasiert","GTI-Treffen 2019: Jeffery Li wurde zum Star - Chinese reiste 10.000 km mit getuntem Passat an - oe24.at. Oe24 Gmbh, 2019-06-02","https://auto.oe24.at/news/gti-treffen-2019-jeffery-li-wurde-zum-star-chinese-reiste-10-000-km-mit-getuntem-passat-an/382642875","...reiste mit seinem getunten Passat Variant aus der Hafenstadt Guangzhou an."
"3123","2020-06-03","internetbasiert","Rechnung nach Druck ablegen als PDF - WAWIS Warenwirtschaft. WAWIS Warenwirtschaft, 2020-06-03","https://www.wawis.de/rechnung-nach-druck-ablegen-als-pdf/","[...] { Parameter - function GetUDFpara(<name>): variant; } program pdf; const MB_ICONQUESTION = $00000020; MB_OK = $00000000; MB_OKCANCEL = $00000001; MB_YESNOCANCEL = $00000003; MB_DEFBUTTON1 = $00000000; MB_DEFBUTTON2 = $00000100; MB_DEFBUTTON3 = $00000200; IDYES = 6; IDNO = 7; var i,s,f,n,d,art:integer; a,cRes,cVerzeichnis,cDatei,cAusgabeDatei,aufnr:string; function IsIn(value:integer; menge: array of integer):boolean; var i:integer; begin result := False; for i := 0 to Length(menge)-1 do begin if menge[i] = value then begin result := True; break; end; end; end; begin // Ausgabeverzeichnis mit slash am Ende! cVerzeichnis := IncludeTrailingSlash(GetVarToStr(GetUDFpara('ExpVerzeichnis'))); {f = formcode 0 - Angebot 1 - Auftrag 2 - Lieferschein 3 - Rechnung 4 - Gutschrift 5 - Sonstiges 11 - Mahnung 12 - Bestellanfrage 13 - Bestellung 14 - Wareneingang 15 - Bestellretoure 16 [...]"
"3124","2020-08-12","internetbasiert","Achsschenkel links vorne VW Golf VI Variant (AJ5) 1.6 TDI 77 kW 105 PS (07.2009-07.2013) | 112184. Kempers.de, 2020-08-12","https://www.kempers.de/achsschenkel-links-vorne-vw-golf-vi-variant-aj5-1k0407255p/112184","Fahrzeugnummer 11579 Marke VW Model Golf VI Variant (AJ5) Typ 1.6 TDI Fahrgestellnummer WVWZZZ1KZBM603531 Türen 0 Laufleistung 150.423 km Baujahr 2010 Motorcode CAY CAYC Antriebsart Konventionell Getriebeart Getriebecode LUB Farbe Silber LR7L Fahrzeugausstattung :"
"3125","2020-02-10","internetbasiert","Relingträger, Dachträger | Ocean-Cross. Ocean-Cross, 2020-02-10","https://ocean-cross.de/produkt/relingtraeger-dachtraeger/","[...] Wagon 93>07 SUBARU Impreza XV 10> SUBARU Justy G 3X 03> SUZUKI Baleno Station Wagon 96> SUZUKI Gran Vitara 99>03 SUZUKI Ignis 01>07 SUZUKI Jimny 04> SUZUKI Jimny 98>04 SUZUKI Sx4 06> TATA Wagon 07> TATA Xenon 09> TOYOTA Yaris 99>05 TOYOTA Corolla Station Wagon 98>06 TOYOTA Rav 4 00>13 TOYOTA Yaris Verso 00> VOLKSWAGEN Caddy Maxi 08> VOLKSWAGEN Caddy Maxi Life 08> VOLKSWAGEN Cross Golf 07> VOLKSWAGEN Cross Polo 06>09 VOLKSWAGEN Cross Polo 10> VOLKSWAGEN Cross Up 13> VOLKSWAGEN Golf V Plus 05>09 VOLKSWAGEN Golf V Variant 07>10 VOLKSWAGEN Golf VI Plus 09> VOLKSWAGEN Golf VI Variant 10>12 VOLKSWAGEN Golf VII Variant 13> VOLKSWAGEN Passat Alltrack 12> VOLKSWAGEN Tiguan 07>13 VOLKSWAGEN Tiguan 13> VOLVO V90 97>98 ALFA ROMEO 156 Crosswagon 04>07 ALFA ROMEO 156 Sportwagon 00>05 AUDI A4 Avant 02>04 AUDI A4 Avant 96>01 AUDI A6 Allroad 00>04 AUDI A6 Avant 94>97 AUDI A6 Avant 98>04 BMW Serie 3 Touring (E36) 94>99 BMW Serie 3 Touring (E46/3) 99>05 BMW Serie 3 Touring (E91) 05>12 BMW Serie 5 Touring (E39) 95>04 CHEVROLET Captiva 06>13 [...]"
"3126","2019-02-08","internetbasiert","VW Passat 2019: Preise, technische Daten & Verkaufsstart. carwow.de, 2019-02-08","https://www.carwow.de/volkswagen/passat/auto-news/329/volkswagen-passat-2019-preise-technische-daten-und-verkaufsstart","Mit seiner Einführung wird der mit einer 13 kWh Batterie ausgestattete Passat GTE Variant zudem einer der wenigen, vollwertigen Hybrid-Kombis sein, die auf dem Markt erhältlich sind."
"3127","2020-01-01","internetbasiert","12-500. isover.ch, 2020-01-01","https://www.isover.ch/de/solutions/12-500","Description Unité 1 Unité 2 Variant 1 Variant 2 Variant 3 Variant 4 Variant 5 Variant 6 PB M 030 d [mm] 80 100 120 140 160 200 PB M 030 d [mm] 80 100 120 120 160 200 Wärmeschutz im Winter und Sommer ** ** *** *** *** **** Wärmedurchgangskoeffizient:"
"3128","2020-06-13","internetbasiert","Unsere Fitness und Gymnastikangebote sind vielfältig und zahlreich. SCVM, 2020-06-13","https://www.scvm.de/fitness-gymnastik","Aber das ist kein Problem, denn durch den logischen Aufbau der Schrittfolgen kann jede'/r Teilnehmer entscheiden, welche Schwierigkeits- variante die richtige für ihn/sie ist."
"3129","2018-09-10","internetbasiert","Konferenz Internet of Things am 25. Oktober in München: IoT vom Sensor bis zu Cloud. Konferenz Internet of Things am 25. Oktober in München: IoT vom Sensor bis zu Cloud, 2018-09-10","http://0800hardware.de/konferenz-internet-of-things-am-25-oktober-in-muenchen-iot-vom-sensor-bis-zu-cloud/","Small (45mm x 18mm), robust and powerful board; 3.3V variant of the Nano family."
"3130","2019-09-24","internetbasiert","Sirwoltesattel & Wyssbodehorn im Simplongebiet | halfmoon Bike Blog. halfmoon-biking.ch, 2019-09-24","https://halfmoon-biking.ch/wallis/sirwoltesattel-wyssbodehorn/","Schöne Tour – die Variante über Wyssboden scheint viel besser als direkt runter (https://swissbikeblog.blogspot.com/2016/11/ohne-schweiss-kein-preis-giw-heidasuone.html)"
"3131","2020-03-26","internetbasiert","BIG DEAL - WIEST Autohäuser. WIEST Autohäuser, 2020-03-26","https://wiest-autohaeuser.de/big-deal-golf-variant/","Der Golf Variant Business bietet ein Ausstattungs-Paket auf besonders hohem Niveau."
"3132","2020-12-23","internetbasiert","b.1.1.7 – Hysteriebringer oder: Viel Lärm um Nichts. SciFi, 2020-12-23","https://sciencefiles.org/2020/12/23/b-1-1-7-hysteriebringer-oder-viel-larm-um-nichts/","1.7 gibt, darunter “Investigation of novel SARS-Cov-2 variant” von Public Health England, in der dargestellt wird, wie die Behauptung, b.1."
"3133","2019-04-18","internetbasiert","Diese kleine Panne verrät wohl das nächste Verbündete Volk von WoW. Mein-MMO.de, 2019-04-18","https://mein-mmo.de/wow-vulpera-allied-race-braufest-symbol/","die bekommen eine weitere elfen variante"
"3134","2018-01-18","internetbasiert","Intel kämpft mit schwerer Sicherheitslücke (Update: Intel veröffentlicht Server-Benchmarks) - Hardwareluxx. Hardwareluxx Media GmbH, 2018-01-18","https://www.hardwareluxx.de/index.php/news/hardware/prozessoren/45319-intel-kaempft-mit-schwerer-sicherheitsluecke-im-prozessor-design.html","Variant 2 (CVE-2017-5715):"
"3135","2019-04-02","internetbasiert","Heckansatz S2 (PDC), VW Passat 3BG Variant - SRS-TEC. SRS-TEC, 2019-04-02","https://srs-tec.de/produkt/heckansatz-s2-vw-passat-3bg-variant-pdc-vw-passat-3bg/","Passat Typ: B3 (3BG) Modelljahr: 2000 – 2005 Ausführung: Variant/Kombi"
"3136","2018-03-20","internetbasiert","Auszubildende aus Wolfsburg und Zwickau bauen Showcars für das GTI-Treffen 2018 - VWTeam.com. VWTeam.com, 2018-03-20","https://www.vwteam.com/auszubildende-wolfsburg-zwickau-bauen-showcars-gti-treffen-2018/","Für Volkswagen Sachsen ist es der fünfte Auftritt beim GTI-Treffen – immer mit einem Golf Variant, der in Deutschland im Werk Zwickau gefertigt wird."
"3137","2020-03-17","internetbasiert","Schwarwel Gevatter #2 „Kapitel Zwei: Zorn“ (Regular, Digital-PDF) - Glücklicher Montag Shop. Glücklicher Montag Shop, 2020-03-17","https://gluecklicher-montag-shop.de/produkt/schwarwel-gevatter-2-kapitel-zwei-zorn-regular-digital-pdf/","Das auf Variant Cover erschuf Ingo Römling (Malcolm Max, Star Wars) und ist als Digital-PDF hier erhältlich: www.gluecklicher-montag-shop.de/product/schwarwel-gevatter-2-kapitel-zwei-zorn-variant-digital"
"3138","2020-06-12","internetbasiert","Brita | Mobile Ready Hero Images — yellow design | yellow lab | yellow too. Yellow Design | Yellow Lab | Yellow Too, 2020-06-12","https://www.yellowdesign.com/de-brita-mrhi","„MRHIS HELFEN RELEVANTE INFORMATIONEN WIE MARKE, PRODUKTART, GRÖSSE UND VARIANTE SCHNELLER UND INTUITIVER ZU VERSTEHEN.“"
"3139","2018-10-26","internetbasiert","Suche. tksoft-online.de, 2018-10-26","http://www.tksoft-online.de/index.php/ms-access/bsp-db-s/bsp-downloads-datei-und-system/5-einlesen-von-dateien-mit-angabe-der-ordnertiefe-in-eine-ms-access-datenbank","Public Col_File As Collection Public Function ListFiles(strPath As String, Optional strFileSpec As String, _ Optional bIncludeSubfolders As Boolean) On Error GoTo Err_Handler Dim colDirList As New Collection Dim temp_col As New Collection Dim varItem As Variant Call FillDir(colDirList, strPath, strFileSpec, bIncludeSubfolders)"
"3140","2018-08-04","internetbasiert","Collage Diary - Lets take a rest - actually. miriskum.de, 2018-08-04","http://miriskum.de/collage-diary-let%c2%b4s-take-a-rest-actually/","PS: Dieser Stuhl wurde von Philip Arctander, 1940 entworfen und im Katalog, den ich heute Morgen vom Antiquar erhielt, steht „Rare variante a haut dossier du fauteuil dit „calm““."
"3141","2019-09-30","internetbasiert","Leave a comment. dev-tec.de, 2019-09-30","https://www.dev-tec.de/2019/09/30/open82541-ua-variant-to-string/","[...] #include <string> #include ""open62541.h std::string get_variable(UA_Client *client, int namespace_index, char *variable) { std::string ret; UA_Variant *var; UA_NodeId node_id; UA_StatusCode status; UA_String tmp_str; node_id = UA_NODEID_STRING(namespace_index, variable); status = UA_Client_readValueAttribute(client, node_id, var); if(status == UA_STATUSCODE_GOOD) { tmp_str = *reinterpret_cast<UA_String*>(var->data); ret = std::string(reinterpret_cast<char *>(tmp_str.data), tmp_str.length); } return ret;} [...]"
"3142","2018-01-23","internetbasiert","LTE Cat M1, NB-IoT und EGPRS kombiniert: Konfigurierbares LPWAN- und 2G-Modul. 0800hardware.de, 2018-01-23","http://0800hardware.de/lte-cat-m1-nb-iot-und-egprs-kombiniert-konfigurierbares-lpwan-und-2g-modul/","Small (45mm x 18mm), robust and powerful board; 3.3V variant of the Nano family."
"3143","2020-08-03","internetbasiert","welcher Atmel für Torzähler? Seite 5 Ersatzteilversand. forum.electronicwerkstatt.de, 2020-08-03","https://forum.electronicwerkstatt.de/phpBB/Microcontroller/welcher_atmel_fuer_torzaehler-t27438f28_bs60.html","also: die lastwiderstände hab ich natürlich ernierdriget, in allen erdenklichen varianten, aber keine führte zum erfolg. die schaltung ist folgendermaßen: +5V-->IRTRans1-->IRTrans2-->Lastwiderstand-->µC wenn der ball nicht gar zu schnell ist klappt ja auch alles prima... aber wehe er wird so schnell, wie er in nem guten spiel sein sollte... _________________ Es irrt der Mensch solang er strebt"
"3144","2020-08-03","internetbasiert","Variant 3321 P6 | 615x205cm - 3,5t | Multitransporter - Hochlader. PKW-Anhänger kaufen bei P+P Anhängercenter | Wohnmobil Vermietung & Anhängervermietung, 2020-08-03","http://www.ppanhaengercenter.com/store/p829/Variant-3321P6-Hochlader-Tridem-Pkw-Anhaenger.html","Variant 3321 P6 | 615x205cm - 3,5t | Multitransporter - Hochlader"
"3145","2019-10-11","internetbasiert","Maßhalten – wenn Ordnungspolitik psychologisch falsch gemacht wird. Dietmar Moews's Blog, 2019-10-11","https://lichtgeschwindigkeit.wordpress.com/2019/10/11/masshalten-wenn-ordnungspolitik-psychologisch-falsch-gemacht-wird/","Wie es in jedem Gewaltunglück variant geschieht, wird sehr bald die Öffentlichkeit informiert und die kommerziellen Auguren publizieren dagegen eigene „Exklusivnachrichten“ und „Exklusivbilder“ – auf die oft kein Verlass ist, aber die offizialen Verlautbarungen dennoch unter Druck setzen gegenüber der allgemeinen Öffentlichkeit – man spielt mit Reiz, Angst, Anschuldigungen, Verdächtigungen."
"3146","2018-07-17","internetbasiert","Gewinnspiel: Der erste Schultag - Ernsting's family Blog. Ernsting's family Blog, 2018-07-17","https://blog.ernstings-family.de/2018/07/gewinnspiel-der-erste-schultag/","Wie bei vielen 6jährigen sind Bibi & Tina auf ihren Pferden ein „Muss“ in allen varianten🙂"
"3147","2020-02-19","internetbasiert","Perfektionst in Bestform - Autopresse. Autopresse, 2020-02-19","https://autopresse.at/perfektionst-in-bestform/","Wie immer nach einer Modellpflege, stellte sich auch der aktuelle VW Passat Variant genau und ausführlich einem Autotest und vorweg genommen – wieder einmal ist es der beste Passat „ever“ geworden."
"3148","2020-03-19","internetbasiert","Musterklage: VW-Vergleichsangebote müssen nicht sofort angenommen werden / Kanzlei Dr. Stoll & Sauer bietet Online-Beratung an | Dr. Stoll & Sauer - VW Schadensersatz. Musterklage: VW-Vergleichsangebote müssen nicht sofort angenommen werden / Kanzlei Dr...","https://www.vw-schaden.de/aktuelles/musterklage-vw-vergleichsangebote-muessen-nicht-sofort-angenommen-werden-kanzlei-dr-stoll","Landgericht Stuttgart: Ein VW-Autohaus und VW müssen einem Verbraucher 25 Prozent des Kaufpreises für einen VW Passat Variant 2,0 TDI Blue Motion (Az. 18 O 416/17)."
"3149","2019-11-15","internetbasiert","Automatisches Ziehen einer Reportingvariante. berater-wiki.de, 2019-11-15","https://www.berater-wiki.de/Automatisches_Ziehen_einer_Reportingvariante","Select variant into lv_variant from Z_VARIANTEN where programe = sy-repid and bname = sy-uname. check sy-subrc = 0. call function 'RS_SUPPORT_SELECTIONS' exporting report = lv_report variant = lv_variant exceptions variant_not_existent = 1 variant_obsolete = 2 others = 3. if sy-subrc <> 0. * Variante & ist nicht vorhanden message i809(00) with lv_variant. endif."
"3150","2020-01-01","internetbasiert","Hupe Signalhorn 12V VW Golf Bora Polo Passat Vento u.a.. Bus-Scheune.de, Ersatzteile fuer VW Bus T3 VW Bus T4 guenstig kaufen., 2020-01-01","https://www.bus-scheune.de/weitere-VW-Classic-Modelle/Golf-1/Zuendung-Elektrik/Hupe-Signalhorn-12V-VW-Golf-Bora-Polo-Passat-Vento-u-a::49365.html","[...] VW CADDY II Ka./Ko. (9K9A/B) 1.4 1.6 1.7 1.9 D TDI SDI 16V 11/95-01/04 VW CORRADO (53I) 1.8 2.0 2.9 i VR6 G60 16V 09/88-12/95 VW GOLF I Cabriolet (155) 1.6 1.8 04/86-03/93 VW GOLF II (19E, 1G1) 1.0 1.3 1.6 1.8 D TD GTI 16V G60 08/83-12/92 VW GOLF III (1H1) 1.3 1.4 1.6 1.8 1.9 2.0 2.8 2.9 D VR6 08/91-09/97 VW GOLF III Cabriolet (1E7) 1.6 1.8 1.9 2.0 TDI 07/93-05/98 VW GOLF III Variant (1H5) 1.4 1.6 1.8 1.9 2.0 2.9 D TDI VR6 07/93-04/99 VW GOLF IV (1J1) 1.6 08/03-06/05 VW GOLF IV Cabriolet (1E7) 1.6 1.8 1.9 2.0 TDI 06/98-06/02 VW GOLF IV Variant (1J5) 1.9 TDi GTi 06/01-06/06 VW JETTA II (19E, 1G2) 1.3 1.6 1.8 D TD 16V 01/84-07/92 VW LT 40-55 I Kasten (291-512) 2.4 4WD 12/82-07/92 VW T5 MULTIVAN (7HM, 7HF) 1.9 2.0 2.5 3.2 TDI V6 04/03- VW PASSAT (3A2, 35I [...]"
"3151","2020-10-05","internetbasiert","Bodenarbeitsseil Dünn - Prices from 51.60 to 58.75. Bataliru, 2020-10-05","https://bataliru.de/products/bodenarbeitsseil-dunn-prices-from-51-60-to-58-75","[...] Arbeitsseile Halsringe Knotenhalfter Zügel Anhänger Mensch Messanleitung Messanleitung Menü Messanleitung Hundehalsband Knotenhalfter Material & Farben Material & Farben Menü Material & Farben Material Farben Gutschein Alle Produkte Bodenarbeitsseil Dünn - Prices from 51.60 to 58.75 Normaler Preis €51,60 Sonderpreis €51,60 Angebot inkl. MwSt. zzgl. Versandkosten Title Variant for price 51.6 Variant for price 52 Variant for price 52.1 Variant for price 52.2 Variant for price 52.45 Variant for price 52.55 Variant for price 52.65 Variant for price 53.05 Variant for price 53.15 Variant for price 53.25 Variant for price 53.5 Variant for price 53.6 Variant for price 53.7 Variant for price 54.1 Variant for price 54.2 Variant for price 54.55 Variant for price 54.65 Variant for price 54.75 Variant for price 55.15 Variant for price 55.25 Variant for price 55.6 Variant for price 55.7 Variant for price 56.2 Variant for price 56.65 Variant for price 56.75 Variant for price 57.25 Variant for price 57.7 Variant for price 58.75 Variant for price 51.6 Variant for price 52 Variant for price 52.1 Variant for price 52.2 Variant for price 52.45 Variant for price 52.55 Variant for price 52.65 Variant for price 53.05 Variant for price 53.15 Variant for price 53.25 Variant [...]"
"3152","2018-10-26","internetbasiert","Suche. tksoft-online.de, 2018-10-26","http://www.tksoft-online.de/index.php/ms-access/bsp-db-s/bsp-downloads-sonstiges/59-errechnen-einer-iban-mit-access","[...] Private Sub cmd_IBAN_Click() Dim vLetter1 As Variant, vLetter2 As Variant Dim vEmptyPP As Variant, vTempKtoNr As Variant, iKtoLength As Integer, iIBANLength As Integer Dim vTempIBAN As Variant, k As Integer, i As Integer, iRest As Integer Dim iRestLength As Integer, iAllLength As Integer, vResult As Variant '****************************************************************************** 'Prüfen ob Felder BLZ und KtoNr gefüllt sind If Me.txt_BLZ = """" Or IsNull(Me.txt_BLZ) Then MsgBox ""Keine BLZ eingegeben!"", vbCritical + vbOKOnly, ""Fehler"" Me.txt_BLZ.SetFocus Exit Sub Else If Len(Me.txt_BLZ) <> CInt(Me.cbo_Land.Column(3)) [...]"
"3153","2019-01-01","internetbasiert","Muffin-Grundrezept Variant 2 Rezept. muffin-welt.de, 2019-01-01","http://www.muffin-welt.de/muffin-rezepte/back-rezepte/muffin-grundrezept-2","Muffin-Grundrezept Variant 2"
"3154","2019-04-02","internetbasiert","Schaltgetriebe Archive - Auto ROC. Auto ROC, 2019-04-02","http://autoroc.at/gear-type-short/schaltgetriebe/","VW Golf Variant 2,0 TDI 4Motion Zum Verkauf angeboten wird ein VW GOLF VARIANT 2.0TDI 4-MOTION, in der Farbe INDIUMGRAU-METALLIC, ......."
"3155","2020-03-10","internetbasiert","Hybridauto-Vergleich 2020: Angebote, Preise und Modelle | carwow.de. Carwow, 2020-03-10","https://www.carwow.de/hybridauto","Ersparnis zur UVP sichern 4. VW Passat GTE Variant mit 33 % durchschn."
"3156","2020-11-12","internetbasiert","FVV verstärkt Wasserstoffforschung. Power-to-X, 2020-11-12","https://power-to-x.de/fvv-verstaerkt-wasserstoffforschung/","hallo, jetzt ist es höchste zeit daß in dieser forschung mehr getan wird. alles spricht davon keiner bewegt sich. die h2 bzw. die h2-gemischgasmoleküle sollten längstens mit allen varianten im erdgasverbund ausgetestet werden. dafür müßten studentengruppen auf allen wissensgebiete eingesetzt werden um immer mehr möglichkeiten auszutesten und wissensergebnisse gezielt zusammenzuführen. hier sind doch so viele fallprobleme zu lösen auf verbrennungsmotorischem wie im brennstoffzellebereich. wichtig wäre eine vernetzung der ergebnisse . als ingenieur wünsche ich ihnen vollsten erfolg."
"3157","2018-03-22","internetbasiert","Name changes: Microsoft IoT Central. 0800hardware.de, 2018-03-22","http://0800hardware.de/name-changes-microsoft-iot-central/","The ease of use of a Nano board with the addition of secure IoT and BT connectivity Small (45mm x 18mm), robust and powerful board; 3.3V variant of the Nano family."
"3158","2019-01-01","internetbasiert","Venedig Flughafen Transfert: erreichen Sie Ihr Ziel mit uns. Vivovenetia, 2019-01-01","https://www.vivovenetia.de/venedig-flughafen-transfert/","Bis Mestre kosten diese zwei Bus Transfert varianten genauso wie nach Venedig:"
"3159","2020-01-01","internetbasiert","Matador MPS 400 Variant All Weather 2 175/65 R14 90 T. Autoreifenfinder, 2020-01-01","https://www.autoreifenfinder.ch/matador/mps-400-variant-all-weather-2/175-65-r14-90t-157302/","Matador MPS 400 Variant All Weather 2 175/65 R14 90 T"
"3160","2020-01-01","internetbasiert","Kondensator, Zündanlage. BERU Zündungsteile | BERU – Ihr Experte für Zündungstechnik, 2020-01-01","https://www.beruparts.de/find-my-part/9738427/beru-by-driv/andere/kondensator--zundanlage/zk157.pd.html","Marke Variante Motor Aktion {{fitment.make}} {{fitment.variant}} {{fitment.engine_display}}"
"3161","2020-09-24","internetbasiert","Pregnenolon: Test, Wirkung, Anwendung & Studien (06/23). MEDMEISTER, 2020-09-24","https://www.medmeister.de/pregnenolon-test/","Werden die Produkte speziell auf Seiten verkauft, die der Naturheilkunde zugewandt sind, gibt es auch Variant mit sehr geringem Wirkstoffgehalt."
"3162","2018-11-30","internetbasiert","deutschland vegetarisch | esskultur. Esskultur, 2018-11-30","https://www.esskultur.at/shop/buch/deutschland-vegetarisch/","[...] tradition. koch und autor stevan paul (nutriculinary) hat sich auf die suche nach den neuen, alten klassikern gemacht und 150 alltagstaugliche rezepte für 5 jahreszeiten wiederentdeckt. frisches gartengemüse, kräuter und süßes obst spielen die hauptrolle in diesem buch. klassiker wie die frankfurter grüne sauce, schupfnudeln oder reibekuchen und regionale lieblingsspeisen wie die „errötende jungfrau“ oder der „große hans“ werden schritt für schritt erklärt. und zum nachtisch gibt es kindheitserinnerungen wie warmen milchreis, rote grütze oder frisch gebackene pfannkuchen mit apfelkompott. als draufgabe gibt es viele varianten, tipps, querverweise und ein umfangreiches register, in dem alle wichtigen zutaten zu finden sind. [...]"
"3163","2019-01-24","internetbasiert","Volkswagen Wechselprämie jetzt bundesweit. My Bavaria - Das Bayern-Magazin, 2019-01-24","http://my-bavaria.com/zu-den-auto-nachrichten/volkswagen-wechselpraemie-jetzt-bundesweit/","Die Prämienhöhe für Jahreswagen beträgt für die Modelle Golf, e-Golf1, Golf Sportsvan, Golf Variant, Touran, Passat Limousine und Passat Variant 75 Prozent, für die übrigen Modelle 50 Prozent der jeweiligen Wechselprämie für Neuwagen."
"3164","2020-01-01","internetbasiert","VW Golf Variant BlueMotion. Volkswagen Österreich, 2020-01-01","https://www.volkswagen.at/service-zubehoer/vorgaengermodelle/golf-variant-bluemotion","Selbstverständlich mit an Bord sind das bei jedem Golf Variant serienmäßige Start-Stopp-System sowie der Rekuperationsmodus zur Bremsenergie-Rückgewinnung."
"3165","2019-02-07","internetbasiert","Wie das IoT den Weg vom Hype ins Business findet. 0800hardware.de, 2019-02-07","http://0800hardware.de/wie-das-iot-den-weg-vom-hype-ins-business-findet/","Small (45mm x 18mm), robust and powerful board; 3.3V variant of the Nano family."
"3166","2019-01-01","internetbasiert","OMSI 2 Add-On Studio Polygon Lite Pack Steam Key für PC online kaufen. Gamesplanet.com, 2019-01-01","https://de.gamesplanet.com/game/omsi-2-add-on-studio-polygon-lite-pack-steam-key--2886-38","9.6m London Daimler and Cummins variant, with Engine/Gearbox Options listed above."
"3167","2020-02-10","internetbasiert","Relingträger, Dachträger | Ocean-Cross. Ocean-Cross, 2020-02-10","https://ocean-cross.de/produkt/relingtraeger-dachtraeger/","[...] Wagon 09> SAAB 9-3 X 09> SAAB 9-4 X 11> SKODA Favorit Station Wagon 93> SKODA Felicia Station Wagon 96> SKODA Octavia II Station Wagon 04>12 SKODA Octavia III Station Wagon 13> SKODA Octavia Scout 07>13 SKODA Praktik 07> SSANGYONG Rexton 02>06 SUBARU Legacy Station Wagon 89>05 SUZUKI Vitara 88>02 TOYOTA Avensis Station Wagon 98>08 TOYOTA Avensis Verso 01>06 TOYOTA Camry Estate 92>96 TOYOTA Carina E Wagon 82> TOYOTA Picnic 97>00 TOYOTA Previa 00> VOLKSWAGEN Bora Variant 99>05 VOLKSWAGEN Golf III Variant 94>98 VOLKSWAGEN Golf IV Variant 99>07 VOLKSWAGEN Passat V Variant 11>14 VOLKSWAGEN Passat Variant 06>10 VOLKSWAGEN Passat Variant 83>96 VOLKSWAGEN Passat Variant 97>05 VOLKSWAGEN Polo Fun 03> VOLKSWAGEN Polo Variant 88> VOLVO 200 74>94 VOLVO 700 Station Wagon 84>92 VOLVO V40 96>04 VOLVO V50 04> Volvo XC90 06> Stand: Januar 2015 Liste ohne Gewähr [...]"
"3168","2018-06-24","internetbasiert","3 coole sommerspiele für heiße tage -. denktier.at, 2018-06-24","https://www.denktier.at/3-coole-sommerspiele-fuer-heisse-tage","ab ins kühle nass ist an heißen sommertagen natürlich eine bevorzugte variante für alle wasserratten unter den hunden."
"3169","2018-10-28","internetbasiert","Gesunde Vanillesoße - Clean Eating - zuckerfrei, vegan & glutenfrei - Foodrevers. Foodrevers, 2018-10-28","https://foodrevers.de/gesunde-vanillesosse-clean-eating-zuckerfrei-vegan-und-glutenfrei/","deine variante klingt sehr spannend. ich werde das sicher mal ausprobieren."
"3170","2018-08-27","internetbasiert","Samsung Galaxy S10 – Samsung plant eine neue Farbpalette. Testberichte, News, Tablets & Smartphones, 2018-08-27","https://www.appdated.de/2018/08/samsung-galaxy-s10-modelle-koennten-auch-in-silber-und-gruen-erscheinen/","According to The Bell, the most powerful Galaxy S10 variant, the Galaxy S10 Plus, will ship with a 6.44-inch display*, while the entry-level model may sport a 5-inch panel."
"3171","2020-02-28","internetbasiert","meine-wiking-welt - Golf IV Variant. meine-wiking-welt.eu, 2020-02-28","https://www.meine-wiking-welt.eu/pkw/volkswagen/golf-iv-variant/","VW Golf Variant 05802 2001-2003 kieferngrün,IE grau mit separiertem Lenkrad schwarz, Innenspiegel Teil der Verglasung, Scheibenwischer Teil der Karosserie, 2 Außenspiegel in Wagenfarbe, Frontscheinwerfer klartransparent + Rückleuchten rottransparent eingesetzt, Stossstangen kieferngrün, mit plastische Dachreling schwarz, Heckfensterumrandung schwarz mit Heckwischer schwarz, filigraner Grill kieferngrün + VW-Logo vorn + auf Heckklappe auf schwarzem Grund gesilbert, Räder zweiteilig VW Aluspeichenfelgen mit aufgezogenen Reifen, Bodenplatte schwarz, Bodenprägung modernes Wiking-Logo."
"3172","2018-09-06","internetbasiert","Passat Variant | Volkswagen Modelle | Autohaus Holzberg. Autohaus Holzberg, 2018-09-06","https://www.autohaus-holzberg.de/unsere-modelle/volkswagen-passat-variant/","Egal ob Fußgängererkennung oder Stauassistent, der Passat Variant passt auf."
"3173","2020-01-01","internetbasiert","25-100. isover.ch, 2020-01-01","https://www.isover.ch/de/solutions/25-100","Description Unité 1 Unité 2 Variant 1 Variant 2 Variant 3 Variant 4 Variant 5 Variant 6 PB M 030 d [mm] 40 Wärmeschutz im Winter und Sommer Wärmedurchgangskoeffizient U [W/(m2 K)] 0.45 Wärmeschutz im Sommer Wärmespeicherfähigkeit (mit Rsi) κi [Wh/m2 K)] 16 Schalldämmung Bewertetes Schalldämm-Mass Rw [dB] 64 Spektrum-Anpassungswerte (C;Ctr)"
"3174","2020-08-01","internetbasiert","KFZ-Steuer VW Passat. repareo.de, 2020-08-01","https://www.repareo.de/kfz-steuer-vw-passat/","KFZ-Steuer VW Passat Variant 1.6"
"3175","2019-09-13","internetbasiert","VW Passat Variant. Autohaus Stoppanski, 2019-09-13","https://www.stoppanski.de/fahrzeuge/passat/","Der Passat Variant hat bei umgeklappter Rückbank bis zu 1.780 Liter Kofferraumvolumen."
"3176","2019-02-27","internetbasiert","Polestar 2: Volvo stellt erstes reines Elektroauto vor. ecomento.de, 2019-02-27","https://ecomento.de/2019/02/27/vovlvo-polestar-2-elektroauto-reichweite-bilder-video/","Sh. bestellrückgang der derzeit bestellbaren teuren varianten."
"3177","2020-01-01","internetbasiert","VW Modelle: Das Auto für jeden Anspruch. Volkswagen Österreich, 2020-01-01","https://www.volkswagen.at/modelle/uebersicht","Der neue Passat Variant"
"3178","2020-01-01","internetbasiert","Matador MPS 400 Variant All Weather 2 195/75 R16 10 R. Autoreifenfinder, 2020-01-01","https://www.autoreifenfinder.ch/matador/mps-400-variant-all-weather-2/195-75-r16-10r-105304/","Der Matador MPS 400 Variant All Weather 2 ist ein Ganzjahresreifen für LKW."
"3179","2020-01-01","internetbasiert","32-210. isover.ch, 2020-01-01","https://www.isover.ch/de/solutions/32-210","[...] Description Unité 1 Unité 2 Variant 1 Variant 2 Variant 3 Variant 4 Variant 5 Variant 6 Zementestrich d [mm] 70 70 100 100 ISOCALOR d [mm] 32 43 32 43 Wärmeschutz im Winter Wärmedurchgangskoeffizient U [W/(m2 K)] 0.86 0.68 0.86 0.68 Wärmeschutz im Sommer Wärmespeicherfähigkeit (mit Rsi) κi,oben [Wh/m2 K)] 13 13 13 13 Wärmespeicherfähigkeit (mit Rsi) κi,unten [Wh/m2 K)] 19 19 19 19 Schalldämmung Bewertetes Schalldämm-Mass Rw [dB] 62 62 62 62 Spektrum-Anpassungswerte (C;Ctr) [...]"
"3180","2018-07-01","internetbasiert","Einzelfahrzeug. trompeter24.de, 2018-07-01","https://trompeter24.de/einzelfahrzeug/","[...] VW Golf 7 Variant 1.0 TSI 81 kW/110 PS 6-Gang Schaltgetriebe - Sondermodell ""Join - Radio-Navigation ""Discover Media"" mit USB, SD - Bluetooth Telefonfreisprechanlage - Dachreling silber - Klimaaautomatik ""Climatronic"" 2-Zonen - Licht- und Sicht-Paket - Reserverad als Notrad - Leichtmetallräder ""Woodstock"" 6,5 J x 16 mit Ganzjahresreifen - Verglasung hinten abgedunkelt (65 %) - Volkswagen Media Control und App-Connect / MirrorLink - Außenspiegel elektrisch einstell-, anklapp-, beheizbar, Umfeldbeleuchtung, Beifahrerspiegelabsenkung - Beifahrersitzlehne komplett umklappbar - Einparkhilfe vorne und hinten - Sitzheizung vorne - Fahrlichtschaltung automatisch, mit Tagfahrlicht, ""Leaving home""-Funktion und manueller ""Coming home""-Funktion - Fensterheber elektrisch - Multifunktionsanzeige - Multifunktionslenkrad in Leder - Müdigkeitserkennung - Nebelscheinwerfer und Abbiegelicht - Reifenkontrollanzeige - Reserverad gewichts- und platzsparend - Start-Stopp-System mit Bremsenergie-Rückgewinnung Sollte das Auto Ihr Interesse geweckt haben, zögern Sie nicht uns anzurufen: [...]"
"3181","2018-04-11","internetbasiert","Standard für IoT-Security: Heilsamer Schock für die IoT-Sicherheit. 0800hardware.de, 2018-04-11","http://0800hardware.de/standard-fuer-iot-security-heilsamer-schock-fuer-die-iot-sicherheit/","The ease of use of a Nano board with the addition of secure IoT and BT connectivity Small (45mm x 18mm), robust and powerful board; 3.3V variant of the Nano family."
"3182","2019-10-27","internetbasiert","Die Koffer sind gepackt!!. cityrausch.de, 2019-10-27","https://cityrausch.de/kreuzfahrt/die-koffer-sind-gepackt/","Auf den Golf Variant ist Verlass."
"3183","2019-03-11","internetbasiert","TaHoma mit Protexial io GSM status per gsm?. somfy-forum.de, 2019-03-11","https://www.somfy-forum.de/allgemeine-fragen-f114/tahoma-mit-protexial-io-gsm-status-per-gsm-t3195.html","Aktuell habe ich noch eine ""billig"" variante von Blaupunkt montiert welche mir aber doch zuviele Fehlaralarme bringt."
"3184","2018-04-10","internetbasiert","Zähne weißer machen II❶II Was beim Zahnbleaching zu beachten ist. Zahnarzt Dinkelsbühl, 2018-04-10","https://ihre-zahnaerzte.org/zaehne-weisser-machen/","Speziellen auch variante ein sich der"
"3185","2018-05-15","internetbasiert","Deadpool (All New 2016) 23, 4,99 €. Deadpool (All New 2016) 23, 4,99 €, 2018-05-15","https://www.merchfox.at/Deadpool-All-New-2016-23","Heft Variantcover: kein Variant Erstveröffentlichung: 15.05.2018 Seiten: 52 Autor/en: Gerry Duggan Zeichner: Scott Koblish Storys:"
"3186","2020-01-01","internetbasiert","Karriere. RMM Metallbearbeitung GmbH, 2020-01-01","https://www.rmm-metallbearbeitung.de/karriere/","[...]“#ffffff“ btn1_text_color=“#ffffff“ btn1_text_hovercolor=“#333333″ btn2_text_color=“#ffffff“ btn2_text_hovercolor=“#333333″ title_font_size=“desktop:18px;“ title_line_ht=“desktop:28px;“ btn_border_radius=“2″ btn1_heading_style=“font-weight:700;“ btn2_heading_style=“font-weight:700;“ css_dualbtn_design=“.vc_custom_1581678130098{margin-top: 0px !important;margin-bottom: 0px !important;padding-top: 0px !important;padding-bottom: 0px !important;}“ btn_width=“250″ btn1_font_family=“font_family:Roboto|font_call:Roboto|variant:700″ btn2_font_family=“font_family:Roboto|font_call:Roboto|variant:700″][/vc_column][/vc_row][vc_row equal_height=“yes“ bg_type=“bg_color“ bg_override=“full“ css=“.vc_custom_1572950423405{border-top-width: 50px !important;padding-bottom: 50px !important;}“][vc_column][vc_column_text css=“.vc_custom_1581677490237{margin-top: 30px !important;}“]Mehr als 1.000 m2 Produktionsfläche mit modernstem Maschinenpark und 20 qualifizierten Fachkräften machen uns somit zu einem produktiven und zuverlässigen Partner. [...]"
"3187","2020-01-01","internetbasiert","Pongratz Dreiseitenkipper PDK *Stahlbordwände* 176x310cm 3,5t|E-Pumpe|BWA. Koch Anhängerwerke, 2020-01-01","https://www.kochanhaengerwerke.de/kipper/3-seitenkipper/pongratz-dreiseitenkipper-pdk-stahlbordwaende-176x310cm-3-5t-e-pumpe-bwa","Variant Heckkipper Variant 168x320cm 2,7t | E-Pumpe | Rampen | Gitter | Aktion"
"3188","2020-11-01","internetbasiert","Gülle- und Substratausbringung. Schmidt Lohnunternehmen | Ihr kompetenter Partner für professionelle Dienstleistungen in der Landwirtschaft und mehr | Adelebsen, 2020-11-01","https://www.landwirtschaft.lohnunternehmen-schmidt.de/leistungen/guelle-und-substratausbringung/","Wir verfügen über zwei hoch moderne und komplett ausgestattete Gülleketten, bestehend aus zwei Holmer Terra Variant und sechs Zubringfahrzeugen."
"3189","2019-01-03","internetbasiert","FAQ Sportgeräte - BodyCROSS® - Functional Fitness | Die Fitnessmanufaktur. BodyCROSS® - Functional Fitness | Die Fitnessmanufaktur, 2019-01-03","https://www.bodycross.de/faq-2/","Hallo, ich bin unsicher welche variante ich als anfänger wählen soll: spacer oder umlenkrolle?"
"3190","2020-01-01","internetbasiert","Der Volkswagen Golf Variant: Der Allrounder. heisel.de, 2020-01-01","https://www.heisel.de/der-volkswagen-golf-variant-der-allrounder/","Der Laderaum Ihres Golf Variant ist nicht nur groß, sondern auch praktisch gestaltet."
"3191","2018-05-31","internetbasiert","VW Golf Variant: Zuverlässigkeit und Erfolg seit 1993. Auto-Kombi, 2018-05-31","https://www.kombi.de/vw-golf-variant/","Der VW Golf VII Variant wird bis heute noch produziert und erfreut sich immer noch höchster Beliebtheit."
"3192","2020-03-02","internetbasiert","Alvi Baby Mäxchen Innensack Gr. 68 weiss | Kinderhaus Blaubär. Alvi Baby Mäxchen Innensack Gr. 68 weiss, 2020-03-02","https://www.kinderhaus-blaubaer.de/alvi-baby-maexchen-schlafsack-innensack-groesse-68-weiss_2844_2341","[...] { _tsRatingConfig = { tsid : 'X0C74C395F78C2D0663798C126CCFC286', element : '#ts_review_sticker', variant : 'testimonial', reviews : '5', betterThan : '3.0', richSnippets : 'on', backgroundColor : '#FFDC0F', linkColor : '#000000', quotationMarkColor : '#FFFFFF', fontFamily : 'Arial', reviewMinLength : '10' }; var scripts = document.getElementsByTagName('SCRIPT'), me = scripts[scripts.length - 1]; var _ts = document.createElement('SCRIPT'); _ts.type = 'text/javascript'; _ts.async = true; _ts.src = '//widgets.trustedshops.com/reviews/tsSticker/tsSticker.js'; me.parentNode.insertBefore(_ts, me); _tsRatingConfig.script = _ts; })(); [...]"
"3193","2020-06-24","internetbasiert","VW bringt Arteon als PHEV und Shooting Brake - electrive.net. electrive.net, 2020-06-24","https://www.electrive.net/2020/06/24/vw-bringt-arteon-als-phev-und-shooting-brake/","Während der Passat Variant weiter auf einen möglichst großen und gut nutzbaren Laderaum setzen soll, soll der Arteon Shooting Brake mehr auf Design und Dynamik statt auf Nutzwert setzen und so beim Kunden punkten."
"3194","2018-11-26","internetbasiert","Sigfox stärkt Geolokalisierung für IoT. 0800hardware.de, 2018-11-26","http://0800hardware.de/sigfox-staerkt-geolokalisierung-fuer-iot/","The ease of use of a Nano board with the addition of secure IoT and BT connectivity Small (45mm x 18mm), robust and powerful board; 3.3V variant of the Nano family."
"3195","2020-10-18","internetbasiert","Viren, Panikmache, Macht-Mißbrauch – die zweite Corona-Welle. Conservo, 2020-10-18","https://conservo.wordpress.com/2020/10/18/viren-panikmache-macht-missbrauch-die-zweite-corona-welle/","This mutation changes the amino acid at position 614, from D (aspartic acid) to G (glycine) — so, D-614-G. The initial D614 is now the G614 variant."
"3196","2020-12-18","internetbasiert","Ausbruch aus dem Teufelskreis. Lupo Cattivo:, 2020-12-18","https://lupocattivoblog.com/2020/12/18/ausbruch-aus-dem-teufelskreis/","NLP, die angeblich seichte variante freudschen .Menschen-Psyche-Umbaus."
"3197","2018-04-16","internetbasiert","2x BLUETECH® Kennzeichenbeleuchtung (VW, Skoda). ALP Handels GmbH, 2018-04-16","https://alp-handels.de/products/2x-bluetech%c2%ae-kennzeichenbeleuchtung-vw-skoda","VW Passat 3bg Variant (Baujahr 10/2000 - 03/2005 geschraubte Version)"
"3198","2018-08-12","internetbasiert","3D Druck - Nanoleaf Mounts. 3d-loewe.de, 2018-08-12","https://www.3d-loewe.de/p/nanoleaf-mounts","Variante 2: nanoleafmount2"
"3199","2019-09-02","internetbasiert","Der neue Passat und Passat Variant ab 288,- € mtl. im Autohaus Vetschau. Autohaus Vetschau GmbH, 2019-09-02","https://autohaus-vetschau.de/der-neue-passat-und-passat-variant-ab-288-e-mtl/","Der neue Passat und Passat Variant Unser Einführungsangebot für Sie Sichern Sie sich Ihren Preisvorteil bis 31.12.2019 z.B. Passat Limousine 1.5 TSI OPF 110 kW (150 PS) 7-Gang DSG"
"3200","2019-11-13","internetbasiert","Casino Am Alexanderplatz – Besteht eine Altersgrenze für das Spielen in Online Casinos?. bioase.de, 2019-11-13","https://bioase.de/casino-am-alexanderplatz","Poker varianten das musste ich also selbst tun, die dann unter dem Namen Clatronic vertrieben werden."
"3201","2020-01-01","internetbasiert","12-500. isover.ch, 2020-01-01","https://www.isover.ch/de/solutions/12-500","Description Unité 1 Unité 2 Variant 1 Variant 2 Variant 3 Variant 4 Variant 5 Variant 6 PB M 030 d [mm] 80 100 120 140 160 200 PB M 030 d [mm] 80 100 120 120 160 200 Wärmeschutz im Winter und Sommer ** ** *** *** *** **** Wärmedurchgangskoeffizient:"
"3202","2018-01-16","internetbasiert","Bausteinwelt - Eloo Spieleverleih. Eloo Spieleverleih, 2018-01-16","https://eloo.at/bausteinwelt/","Anzahl der Bausteine: 210 Stk. (300 Gramm pro Stein) Transport im „eigenen“ PKW (Kofferraumvolumen baugleich Golf IV Variant notwendig!)"
"3203","2018-03-14","internetbasiert","Depression – Basics. Frag den Professor © 2023, 2018-03-14","https://www.frag-den-professor.de/experten/depression-basics/","Nickl-Jockschat T, Stöcker T, Markov V, Krug A, Huang R, Schneider F, Habel U, Zerres K, Nöthen MM, Treutlein J, Rietschel M, Jon Shah N, Kircher T. The impact of a Dysbindin schizophrenia susceptibility variant on fiber tract integrity in healthy individuals: a TBSS-based diffusion tensor imaging study."
"3204","2020-08-12","internetbasiert","Studie: Wasserstoff-Transport über die Straße ""keine wirklich nachhaltige Lösung"". ecomento.de, 2020-08-12","https://ecomento.de/2020/08/12/wasserstoff-transport-ueber-die-strasse-keine-nachhaltige-loesung-studie/","Der grüne Wasserstoff sollte unbedingt vom Anteil erhöht werden (wenn der Anteil über 50% liegt dann sollte er auch in neuen Bereichen eingesetzt werden in denen die effizientere AKKU- variante nicht geht."
"3205","2019-06-28","internetbasiert","Gastro- und Stehtischgestelle | TischDirekt.de - Ihr Massivholzpartner. TischDirekt.de GmbH, 2019-06-28","https://www.tischdirekt.de/tischgestelle/gastro-und-stehtischgestelle/","VARIANTEN _____"
"3206","2020-01-01","internetbasiert","Design Thinking with SAP. Rheinwerk Verlag GmbH, 2020-01-01","https://www.rheinwerk-verlag.de/design-thinking-with-sap_4643/","Introducing Advanced Variant Configuration (AVC) with SAP S/4HANA"
"3207","2020-01-01","internetbasiert","Variant Autotrailer Maxi Load Universal L420 204x420cm 3,0t. Koch Anhängerwerke, 2020-01-01","https://www.kochanhaengerwerke.de/fuer-fahrzeuge/autotrailer/variant-autotrailer-maxi-load-universal-l420-204x420cm-3-0t","Variant Hochlader Anhänger 3521 P5 | 205x515cm 3,5t | Pro-Line"
"3208","2019-01-25","internetbasiert","Erste Spieler fangen Shiny Enton in Pokémon GO – Wir bald auch?. Mein-MMO.de, 2019-01-25","https://mein-mmo.de/pokemon-go-shiny-enton/","ja und nachträglich ändern werden die nicht machen dann müssten die theoretisch auf jeder edition die shinys ändern da ja alles verbunden ist Pkm Go mit Lets Go und lets go mit allem wegen pokemon Bank. somit würden von jeden Pokemon 2 Shiny varianten existiren"
"3209","2020-01-01","internetbasiert","Audi A6 C5 (Typ 4B) - der Dienstwagen schlechthin. BlogAuto.de, 2020-01-01","http://www.blogauto.de/audi-a6-c5-typ-4b-der-dienstwagen-schlechthin/","Was dem Vertreter sein Passat Variant ist, ist dem Dienstwagenfahrer sein Audi A6."
"3210","2019-01-01","internetbasiert","OMSI 2 Add-On Studio Polygon Lite Pack Steam Key für PC online kaufen. Gamesplanet.com, 2019-01-01","https://de.gamesplanet.com/game/omsi-2-add-on-studio-polygon-lite-pack-steam-key--2886-38","10.2m Cummins variant."
"3211","2018-09-01","internetbasiert","Mobilitätslösungen für jeden seit 1967. sixt-leasing.de, 2018-09-01","https://www.sixt-leasing.de/vw-volkswagen/passat","Aufgrund seiner großen Auswahl an Motoren und Ausstattungen eignet sich der VW Passat, als Limousine oder als VW Passat Variant, sowohl für Privatleute, als auch als Dienst- oder Firmenwagen."
"3212","2019-02-03","internetbasiert","campingplatz baia verde. freie-lebenszeit.de, 2019-02-03","https://freie-lebenszeit.de/camping-baia-verde/","mega highlight: bagno di petriolo, die schwefelquellen. wir haben uns für die kleine und unscheinbare variante entschieden. das pendant dazu sind die schwefelquellen in saturnia. das wasser ist heiß, circa 40°. man findet insgesamt vier becken vor. die stimmung ist entspannt und angenehm, leise und irgendwie leicht benebelt. auch unsere kinder lassen sich von der stimmung anstecken und kommen sogar mit in die heiße wanne. danach springt man direkt in den kalten fluss. achtung: akute schnappatmungsgefahr!"
"3213","2020-08-01","internetbasiert","Ladeschaltung für 6V Bleiakku mit Ladeabschaltung - Schaltplan gesucht Ersatzteilversand. forum.electronicwerkstatt.de, 2020-08-01","https://forum.electronicwerkstatt.de/phpBB/Projekte_im_Selbstbau/ladeschaltung_fuer_6v_bleiakku_mit_ladeabschaltung_schaltplan_gesucht-t37910f34_bs0.html","er hat 4 ah! was meinst du mit variante a?"
"3214","2018-03-06","internetbasiert","CONTACTs IoT-Plattform ist „Fabriksoftware des Jahres“. 0800hardware.de, 2018-03-06","http://0800hardware.de/contacts-iot-plattform-ist-fabriksoftware-des-jahres/","The ease of use of a Nano board with the addition of secure IoT and BT connectivity Small (45mm x 18mm), robust and powerful board; 3.3V variant of the Nano family."
"3215","2020-03-02","internetbasiert","Alvi Baby Mäxchen Sommertraum Mullschlafsack Apple | Kinderhaus Blaubär. kinderhaus-blaubaer.de, 2020-03-02","https://www.kinderhaus-blaubaer.de/alvi-baby-maexchen-sommertraum-mullschlafsack-apple_34873_56843","[...] { _tsRatingConfig = { tsid : 'X0C74C395F78C2D0663798C126CCFC286', element : '#ts_review_sticker', variant : 'testimonial', reviews : '5', betterThan : '3.0', richSnippets : 'on', backgroundColor : '#FFDC0F', linkColor : '#000000', quotationMarkColor : '#FFFFFF', fontFamily : 'Arial', reviewMinLength : '10' }; var scripts = document.getElementsByTagName('SCRIPT'), me = scripts[scripts.length - 1]; var _ts = document.createElement('SCRIPT'); _ts.type = 'text/javascript'; _ts.async = true; _ts.src = '//widgets.trustedshops.com/reviews/tsSticker/tsSticker.js'; me.parentNode.insertBefore(_ts, me); _tsRatingConfig.script = _ts; })(); [...]"
"3216","2018-06-01","internetbasiert","Haben Sie Fragen?. Hanse Haus, 2018-06-01","https://www.hanse-haus.ch/de/fuer-sie/mediathek/360-grad-touren/","360°-Rundgang: Variant 35-172"
"3217","2019-01-28","internetbasiert","WINMAU Foxfire. Dartworld.de, 2019-01-28","https://www.dartworld.de/steel-darts/winmau/winmau-foxfire","Ein Klasse Pfeil habe die drei Pfeile für meinen Jüngeren Bruder (einsteiger) mitbestellt hatte vorher ähnlich Barrels gespielt und ihn somit testen lassen so bin ich dann auch zu den Winmau Foxfire gekommen... Habe ihn dann natürlich dann auch oft selber geworfen und festgestellt das der Pfeil absolut gut in der Hand liegt dazu auch Top verarbeitet ist und somit keinen unterschied zu einem Pfeil in höherpreisigen klassen macht... Ich spiele sie in der 21g variante mit nen bisschen kürzeren shäften."
"3218","2018-02-20","internetbasiert","Vorhang auf für Heft #2. Liga deutscher Helden, 2018-02-20","http://ligadeutscherhelden.de/vorhang-auf-fuer-heft-2/","Das Standard-Cover haben wir euch auch schon gezeigt, bei den Variant Covers spannen wir euch noch ein kleines bisschen auf die Folter!"
"3219","2018-02-21","internetbasiert","[aufgebraucht und aussortiert] jänner 2018. mademoiselles-beautyblog.blogspot.com, 2018-02-21","http://mademoiselles-beautyblog.blogspot.com/2018/02/aufgebraucht-und-aussortiert-janner-2018.html","| nivea invisible summer anti-transpirant [TOP] (*) kann immer wieder mitkommen, habe auch schon wieder eine der varianten in verwendung."
"3220","2020-11-09","internetbasiert","Neuer VW Golf Alltrack Fahrbericht 2021 Golf 8 Variant - Autogefühl. Autogefühl, 2020-11-09","https://www.autogefuehl.de/2020/11/09/neuer-vw-golf-alltrack-fahrbericht-2021-golf-8-variant/","Mit dem längeren Radstand hat der VW Golf Variant nun mehr Beinfreiheit, was gerade Familien schätzen werden."
"3221","2019-10-18","internetbasiert","Alle Häuser von HVO Massivhaus auf Fertighaus.de. Fertighaus.de, 2019-10-18","https://www.fertighaus.de/anbieter/hvo-massivhaus/","KLASSIK 1000.2 HVO Massivhaus ab 201.457 € Schlüsselfertig 146 m² Wohnfläche KLASSIK 1101.RH HVO Massivhaus ab 181.023 € Schlüsselfertig 101 m² Wohnfläche KLASSIK 1106.XS HVO Massivhaus ab 174.525 € Schlüsselfertig 107 m² Wohnfläche KLASSIK 1190.2F HVO Massivhaus ab 251.598 € Schlüsselfertig 169 m² Wohnfläche VARIANT 1000.2 HVO Massivhaus ab 222.642 € Schlüsselfertig 159 m² Wohnfläche VARIANT 1159.HK HVO Massivhaus ab 216.211 € Schlüsselfertig 145 m² Wohnfläche"
"3222","2018-01-24","internetbasiert","Atlantik Elektronik: Wireless Embedded IoT Gateway im Mini-Format. 0800hardware.de, 2018-01-24","http://0800hardware.de/atlantik-elektronik-wireless-embedded-iot-gateway-im-mini-format/","The ease of use of a Nano board with the addition of secure IoT and BT connectivity Small (45mm x 18mm), robust and powerful board; 3.3V variant of the Nano family."
"3223","2019-11-07","internetbasiert","MR Rolex Link Ring. soulobjects.de, 2019-11-07","https://soulobjects.de/products/michael-raymond-rolex-link-ring","This variant is currently sold out."
"3224","2019-03-04","internetbasiert","Wahrheit oder Pflicht? – das ultimative Partyspiel für Jung und Alt - Write Insight. Write Insight, 2019-03-04","https://write-insight.de/wahrheit-oder-pflicht-das-ultimative-partyspiel-fuer-jung-und-alt/","Der Mitspieler muss nun die Frage, welche zwei unterschiedliche varianten einer Aufgabe beinhaltet, beantworten."
"3225","2020-01-01","internetbasiert","21-300. isover.ch, 2020-01-01","https://www.isover.ch/de/solutions/21-300","Description Unité 1 Unité 2 Variant 1 Variant 2 Variant 3 Variant 4 Variant 5 Variant 6 PB F 030 d [mm] 60 60 80 100 120 140 PB F 030 d [mm] 60 80 100 100 120 140 Wärmeschutz im Winter und Sommer * * ** ** *** *** Wärmedurchgangskoeffizient:"
"3226","2020-10-29","internetbasiert","Roboter von ABB und KUKA bauen vollelektrische Fahrzeuge von VW. Industrie.de, 2020-10-29","https://industrie.de/mobilitaet/roboter-von-abb-und-kuka-bauen-vollelektrische-fahrzeuge-von-vw/","Bis Mitte 2020 produzierte Volkswagen in Zwickau auch den Volkswagen Golf Variant mit Verbrennungsmotor."
"3227","2020-01-24","internetbasiert","VW Passat Variant Facelift - Der Kronprinz - NewCarz.de. NewCarz.de, 2020-01-24","https://www.newcarz.de/2020/01/24/vw-passat-variant-facelift-der-kronprinz/","Der Zentralbildschirm ist übrigens in drei Größen erhältlich: Entweder mit 6.5, 8.0 oder wie hier im getesteten VW Passat Variant Facelift mit 9.2 Zoll Bildschirmdiagonale."
"3228","2020-06-11","internetbasiert","inspirierende materialien - was ich brauche — ales lettering. Ales Lettering, 2020-06-11","https://www.aleslettering.ch/news/diese-materialien-brauche-ich","wasserfeste variante: staedtler permanent Gr. F, stabilo permanent"
"3229","2018-03-13","internetbasiert","Aktualisierungen - Daten zu Treffen und bearbeitete Seiten. vw-411.de, 2018-03-13","http://vw-411.de/Aktualisierungen-Was-gibt-es-neues/","24.11.2018 - Vergleich von 4 Kombis mit VW 411 LE Variant - ""Presseberichte 2016""."
"3230","2018-05-13","internetbasiert","Wie das Sterben auf den Straßen endete - Top Magazin Berlin. Top Magazin Berlin, 2018-05-13","http://top-magazin-berlin.de/2018/05/wie-das-sterben-auf-den-strassen-endete/","Für meinen Geschichtslehrer, der 1979 eine Frontalkollision in einem VW Passat Variant überlebte, galt danach die Devise „nur noch Volvo“."
"3231","2020-04-22","internetbasiert","Bialys mit dreierlei Füllungen - Küchentraum & Purzelbaum. Küchentraum & Purzelbaum, 2020-04-22","https://www.kuechentraumundpurzelbaum.de/bialys-mit-dreierlei-fuellungen/","mit dem spargel hast du mich. die sehen köstlich aus – alle varianten!"
"3232","2019-06-07","internetbasiert","Vorverkauf des neuen Passat. My Bavaria - Das Bayern-Magazin, 2019-06-07","http://my-bavaria.com/zu-den-auto-nachrichten/vorverkauf-des-neuen-passat/","1. Passat 2.0 TSI DSG, 140 kW/190 PS, Kraftstoffverbrauch (WLTP) kombiniert in l/100 km (Variant in Klammern): 6,3 (6,4); CO₂-Emission kombiniert in g/km: 144 (146)"
"3233","2020-01-01","internetbasiert","25-300. isover.ch, 2020-01-01","https://www.isover.ch/de/solutions/25-300","Description Unité 1 Unité 2 Variant 1 Variant 2 Variant 3 Variant 4 Variant 5 Variant 6 Gipsfaserplatte d [mm] – – 10 10 Gipsfaserplatte d [mm] 12.5 12.5 12.5 12.5 Holzständer 60 x 60 mm h [mm] 60 – 60 – Holzständer 60 x 120 mm h [mm] –"
"3234","2019-09-23","internetbasiert","Die neuen Kfz-Typklassen für 2016!. zahlt-die-vollkasko.de, 2019-09-23","https://www.zahlt-die-vollkasko.de/news/kfz-typklassen-2016.html","So soll zukünftig der Renault Capture 1.5 DCI um 2 Typenklassen, der VW Golf VII VARIANT 2.0 TDI ebenfalls um zwei Typenklassen und der der BMW 420 D Coupé um eine Klasse niedriger Eingestuft werden."
"3235","2020-12-29","internetbasiert","VW ID.4 wird ab Anfang 2021 ausgeliefert. ecomento.de, 2020-12-29","https://ecomento.de/2020/12/29/vw-id4-wird-ab-anfang-2021-ausgeliefert/","Einfach zu einem händler gehen und nach der lieferzeit der günstigsten bestellbaren variante für ünter 25.000 nach förderung fragen: mind. 3 monate."
"3236","2020-01-01","internetbasiert","12-500. isover.ch, 2020-01-01","https://www.isover.ch/de/solutions/12-500","Description Unité 1 Unité 2 Variant 1 Variant 2 Variant 3 Variant 4 Variant 5 Variant 6 PB M 030 d [mm] 80 100 120 140 160 200 PB M 030 d [mm] 80 100 120 120 160 200 Wärmeschutz im Winter und Sommer ** ** *** *** *** **** Wärmedurchgangskoeffizient:"
"3237","2018-05-28","internetbasiert","Atlantik Elektronik NB-IoT Seminar mit Deutscher Telekom, Quectel und Antenova. 0800hardware.de, 2018-05-28","http://0800hardware.de/atlantik-elektronik-nb-iot-seminar-mit-deutscher-telekom-quectel-und-antenova/","Small (45mm x 18mm), robust and powerful board; 3.3V variant of the Nano family."
"3238","2020-01-01","internetbasiert","24-300. isover.ch, 2020-01-01","https://www.isover.ch/de/solutions/24-300","Description Unité 1 Unité 2 Variant 1 Variant 2 Variant 3 Variant 4 Variant 5 Variant 6 PB M 030 d [mm] 60 60 60 60 60 60 ISOCONFORT 032 PR d [mm] 120 140 160 180 200 240 ISOCOMPACT 034 d [mm] 60 60 60 60 60 60 Wärmeschutz im Winter und Sommer *** *** *** *** *** **** Wärmedurchgangskoeffizient:"
"3239","2019-05-08","internetbasiert","Skoda Fabia - Gepflegte Erscheinung - NewCarz.de. NewCarz.de, 2019-05-08","https://www.newcarz.de/2019/05/08/skoda-fabia-gepflegte-erscheinung/","Weder wird der Polo als Variant angeboten, noch ist ein Nachfolger des Seat Ibiza ST in Sicht."
"3240","2018-03-15","internetbasiert","Wie spricht man ""een"" und ""en"" aus im Niederländischen? Und was bedeuten diese Wörter?. Buurtaal, 2018-03-15","https://www.buurtaal.de/en-een-niederlaendisch-aussprache-bedeutung/","Ik neig zelf naar de derde variant."
"3241","2019-08-11","internetbasiert","Angelspeer Bestenliste - Angelguru. Angelguru, 2019-08-11","https://angelguru.de/bestenlisten/angelgrundausstattung/angelspeer-bestenliste/","Die Stange ist eine Separate variante, und gehört nicht zu den Speeren dazu."
"3242","2019-02-23","internetbasiert","Samsung Galaxy S9 (Plus) + Vodafone Smart XL für eff. 13,87 € mtl.. Handyhase.de, 2019-02-23","https://www.handyhase.de/samsung-galaxy-s9-vodafone-smart-xl/","In der Beschreibung steht das Tab als LTE aber es handelt sich doch lediglich um die Wifi variante?"
"3243","2020-02-14","internetbasiert","RE: Fahrwerk - 3. NRW Stylers, 2020-02-14","http://nrwstylers.siteboard.eu/t5430f2039-Fahrwerk-2.html","[...] dann will ich auch mal was sagen in jedem forum gibt es diese fragen,und gleichen antworten jeder hat eine andere einstellung von gut/hart/weich/geil mega tief porno ich habe in meinem ersten wagen ein weitec gehabt und war gut zufrieden dann hatte ich ein supersport und war anfangs auch zufrieden wurde mit der zeit aber schon sehr hart,störte mich aber nicht sonderlich da ich selten auf der autobahn bin(da merkt man es richtig) jetz fahre ich ein kw variante 2 wo alle sagen die sind gut ganz ehrlich finde ich nicht mal so für meinen geschmack hüpft es in letzter zeit immer mehr und das ist nichtmal sooo alt.... dazu kann ich das gewinde nicht mehr drehen da alles schwergänig geworden ist mein lieferant sagte mir das er bereits sehr sehr viele reklamationen von kw hat.. gestern war ein koolege ausm bmw forum bei mir,mit einem bilstein fahrwerk....der war abselut unzufrieden!!!ich wollts nicht glauben zum schluss satz jeder muss selber wissen was es ihm wert ist was für ansprüche er hat ect ambesten setzt euch in den wagen und probiert aus =) hier im forum gibt es anscheinend ja [...]"
"3244","2020-01-26","internetbasiert","Comics: The Dark Crystal – The Quest for the Dual Glaive (Part 1 of 4) - SteamTinkerers Klönschnack | KLNSCHNCK. SteamTinkerers Klönschnack | KLNSCHNCK, 2020-01-26","https://steamtinkerer.de/2020/01/26/comics-the-dark-crystal-the-quest-for-the-dual-glaive-part-1-of-4/","Bei der vorliegenden Ausgabe handelt es sich um ein „Variant Cover“, das sich deutlich von dem „regulären“ Cover unterscheidet."
"3245","2020-01-01","internetbasiert","Serienfertigung - Typ3.de. Typ3.de, 2020-01-01","https://www.typ3.de/serienfertigung.html","Der Preis für die Limousine betrug DM 6400.-, für den Variant DM 6700,-."
"3246","2020-01-28","internetbasiert","ADE Universal-Zerkleinerer mit 2 Mahlbehältern | KA 1805. frischer-kochen.de, 2020-01-28","https://www.frischer-kochen.de/products/elektrische-gewurz-und-kaffeemuhle-ka-1805","[...]“ hat ein zweiflügeliges Schlagmesser zum Hacken und Mahlen von trockenen Lebensmitteln, wie Nüssen, Kaffee und Gewürzen.\u003c\/li\u003e\n\u003cli\u003eMahlbehälter „Quattro“ verfügt über ein vierflügeliges Universalmesser zum Zerkleinern und Mixen von frischen Lebensmitteln, wie z.B. Kräutern zu Pesto, Marinaden und Dips.\u003c\/li\u003e\n\u003c\/ul\u003e\n\u003cp\u003eDie beiden Mahlbehälter der Gewürzmühle bieten eine Füllmenge von \u003cstrong\u003ejeweils 300 ml\u003c\/strong\u003e. Gummierte Füße sorgen für \u003cstrong\u003efesten Stand\u003c\/strong\u003e der Mühle, die Kabelaufwicklung für \u003cstrong\u003eschnelles Verstauen.\u003cbr\u003e\u003c\/strong\u003e\u003cbr\u003e\u003cspan\u003eSie erhalten dieses Produkt auch in einer Variante mit tollem Smoothie-Maker-Zubehör (\u003c\/span\u003e\u003ca href=\""https:\/\/www.frischer-kochen.de\/collections\/elektrische-kuchengerate\/products\/ade-elektrischer-multi-zerkleinerer-gewurzmuhle-smoothie-maker\"" target=\""_blank\""\u003e\u003cstrong\u003eADE Smoothie-Maker (Standmixer) \u0026amp; Universal-Zerkleinerer\u003c\/strong\u003e\u003c\/a\u003e\u003cspan\u003e).\u003c\/span\u003e\u003c\/p\u003e\n\u003cp\u003e\u003cspan style=\""text-decoration: underline;\""\u003e\u003cstrong\u003eTechnische Daten des Zerkleinerers: \u003c\/strong\u003e\u003c\/span\u003e\u003c\/p\u003e\n\u003cp\u003e\u003cstrong\u003eGehäuse:\u003c\/strong\u003e\u003cspan\u003e Edelstahl und ABS-Kunststoff\u003c\/span\u003e\u003cbr\u003e\u003cstrong\u003eBedienung:\u003c\/strong\u003e\u003cspan\u003e Drucktaste\u003c\/span\u003e\u003cbr\u003e\u003cstrong\u003eFunktionen:\u003c\/strong\u003e\u003c\/p\u003e\n\u003cul\u003e\n\u003cli\u003eMahlen, Zerkleinern und Mixen\u003c\/li\u003e [...]"
"3247","2020-03-02","internetbasiert","Alvi Schlafsack Tracksuit TOP | Kinderhaus Blaubär. kinderhaus-blaubaer.de, 2020-03-02","https://www.kinderhaus-blaubaer.de/alvi-schlafsack-tracksuit-top_34407_54232","[...] { _tsRatingConfig = { tsid : 'X0C74C395F78C2D0663798C126CCFC286', element : '#ts_review_sticker', variant : 'testimonial', reviews : '5', betterThan : '3.0', richSnippets : 'on', backgroundColor : '#FFDC0F', linkColor : '#000000', quotationMarkColor : '#FFFFFF', fontFamily : 'Arial', reviewMinLength : '10' }; var scripts = document.getElementsByTagName('SCRIPT'), me = scripts[scripts.length - 1]; var _ts = document.createElement('SCRIPT'); _ts.type = 'text/javascript'; _ts.async = true; _ts.src = '//widgets.trustedshops.com/reviews/tsSticker/tsSticker.js'; me.parentNode.insertBefore(_ts, me); _tsRatingConfig.script = _ts; })(); [...]"
"3248","2019-12-19","internetbasiert","Angelcare Windeleimer Nachfüllpack Plus 1er Pack | Kinderhaus Blaubär. kinderhaus-blaubaer.de, 2019-12-19","https://www.kinderhaus-blaubaer.de/pflege-ernaehrung/wickeln/wickelzubehoer/angelcare-windeleimer-nachfuellpack-1er-pack_27082_26111","[...] { _tsRatingConfig = { tsid : 'X0C74C395F78C2D0663798C126CCFC286', element : '#ts_review_sticker', variant : 'testimonial', reviews : '5', betterThan : '3.0', richSnippets : 'on', backgroundColor : '#FFDC0F', linkColor : '#000000', quotationMarkColor : '#FFFFFF', fontFamily : 'Arial', reviewMinLength : '10' }; var scripts = document.getElementsByTagName('SCRIPT'), me = scripts[scripts.length - 1]; var _ts = document.createElement('SCRIPT'); _ts.type = 'text/javascript'; _ts.async = true; _ts.src = '//widgets.trustedshops.com/reviews/tsSticker/tsSticker.js'; me.parentNode.insertBefore(_ts, me); _tsRatingConfig.script = _ts; })(); [...]"
"3249","2020-01-01","internetbasiert","Volkswagen VW 411. vw-411.de, 2020-01-01","http://vw-411.de/Testberichte-1968/Volkswagen-VW-411/","Test VW Variant 411 LE Tests Neue Modelle - VW 411 E Variant Rainer Günzler-Autotests VW 411 Testberichte 1970 Vergleichstest Variant 1600 - Variant 411:"
"3250","2018-08-02","internetbasiert","Flammkuchen - Partyrezepte.de Flammkuchen. Partyrezepte.de, 2018-08-02","http://partyrezepte.de/flammkuchen-2/","Besonders verbreitet ist eine süße Variantes des klassischen Belages mit Äpfeln bzw."
"3251","2018-06-01","internetbasiert","Fertighaus Variant 25-198 | HANSE HAUS. Hanse Haus, 2018-06-01","https://www.hanse-haus.ch/de/architektur/haeuser/haus/variant-25-198/","In der grössten Planungsvariante, dem Ausstellungshaus in Fellbach Variant 25-198, stehen fast 200 Quadratmeter auf den beiden Ebenen zur Verfügung – für alle, die es grosszügig lieben."
"3252","2019-07-22","internetbasiert","Fahrzeug Detailsuche | Autohaus Vetschau GmbH. Autohaus Vetschau GmbH, 2019-07-22","https://autohaus-vetschau.de/fahrzeugbestand/fahrzeug-detailsuche__trashed/","[...] aufnehmen Service Termin Kontakt » Weitere Standorte unserer Unternehmensgruppe × Detailsuche - Fahrzeug(e) gefunden Fahrzeugtyp Bauart Cabrio/Roadster Integrierter Kastenwagen Kastenwagen hoch + lang Kleinwagen Kombi Kombi, Kleinbus bis 9 Sitze Limousine Sportwagen/Coupé SUV/Geländewagen/Pickup Van/Kleinbus Fahrzeugart Gebrauchtfahrzeug Jahreswagen Neufahrzeug Tageszulassung Vorführfahrzeug Allgemeine Angaben Marke Audi Cupra Fiat Honda Mercedes-Benz MINI Opel Porsche Renault Seat Skoda Smart Volkswagen Modell A1 A3 A4 A6 A6 Allroad A8 Amarok Arteon Astra Ateca Caddy Cayenne Citan Clio Cooper S Clubman CR-V Crafter Fabia Fiorino ForFour Formentor Golf Golf Plus Golf Sportsvan Grand California Ibiza ID.3 Kamiq Karoq Kodiaq Leon Mii Octavia Passat Passat Variant Polo Q2 Q3 Q5 R8 RS6 S3 S7 Scala SQ2 SQ7 T-Cross T-Roc T6 T6 Caravelle T6 Kombi T6 Multivan T6.1 T7 Multivan Taigo Tiguan Tiguan Allspace Touareg Touran up! [...]"
"3253","2018-06-01","internetbasiert","Der neue Auspuff ist schon da. OST-Blog, 2018-06-01","http://ost-blog.passat32.de/2018/06/01/der-neue-auspuff-ist-schon-da/","Hatte sie so 6 Jahre und 50000km mit Winterbetrieb unterm marsroten LX und dem goldenen Variant."
"3254","2018-09-03","internetbasiert","Aussattungsberatung Tag 1 und 2. xded.de, 2018-09-03","https://www.xded.de/aussattungsberatung-tag-1-und-2/","Ebenfalls nach der Mittagspause haben wir uns für die Treppen variante entschieden."
"3255","2019-01-01","internetbasiert","Wissenswertes für Ihre Portugal-Reise. portugal-reiseprofi.de, 2019-01-01","https://www.portugal-reiseprofi.de/informationen-portugal/wissenswertes/","- Norte Litoral: A27/IP9: Viana do Castelo - Ponte de Lima; A28/IC1: Viana do Castelo - Porto - AE Transmontana: A4: Variante Sul de Bragança - Interior Norte: A24/IP3: Vila Verde da Raia (Grenze) - Viseu - Grande Porto: A4: Matosinhos - Águas Santas; A41/IC24: Perafita/Freixieiro - Sêroa (West); A42/IC25: Sêroa (West) - Lousada - Centro (Costa de Prata): A17/IC1:"
"3256","2020-02-04","internetbasiert","Too Fast Bugs | Qubeflow. Qubeflow, 2020-02-04","https://qflw.de/too-fast-bugs/","HTML variant of the game Resource used:"
"3257","2020-01-01","internetbasiert","11-400. isover.ch, 2020-01-01","https://www.isover.ch/de/solutions/11-400","Description Unité 1 Unité 2 Variant 1 Variant 2 Variant 3 Variant 4 Variant 5 Variant 6 ISOCONFORT 032 PR d [mm] 160 160 180 180 200 240 PB M 030 d [mm] 40 60 60 80 100 140 Wärmeschutz im Winter und Sommer ** ** ** *** *** **** Wärmedurchgangskoeffizient:"
"3258","2018-09-17","internetbasiert","#0829 [Session-Life] Comic Loots von 04.2018 – 08.2018. Pulchritudinous, 2018-09-17","https://www.pulchi.de/2018/09/0829-session-life-comic-loots-von-04-2018-08-2018/","Heft Seiten: 68 Preis: 5,99 EUR Preis Variant 1: 8,00 EUR Preis Variant 2:"
"3259","2019-01-28","internetbasiert","Nadelbrief: Folklore. siebensachen-zum-selbermachen.blogspot.com, 2019-01-28","https://siebensachen-zum-selbermachen.blogspot.com/2019/01/nadelbrief-folklore.html","Eine sehr schöne variante der Mola-Technik."
"3260","2020-11-30","internetbasiert","Skoda Octavia RS 2.0 TSI 245 PS Fahrbericht 2021 - Autogefühl. Autogefühl, 2020-11-30","https://www.autogefuehl.de/2020/11/30/skoda-octavia-rs-2-0-tsi-245-ps-fahrbericht-2021/","Damit ist der Skoda Octavia 41 cm länger als der plattform-gleiche VW Golf hatch, 13 cm länger als ein Golf Variant und 8 cm kürzer als ein VW Passat."
"3261","2020-01-01","internetbasiert","Kondensator, Zündanlage. BERU Zündungsteile | BERU – Ihr Experte für Zündungstechnik, 2020-01-01","https://www.beruparts.de/find-my-part/9738427/beru-by-driv/andere/kondensator--zundanlage/zk157.pd.html","Marke Typ Motor Aktion {{fitment.make}} {{fitment.variant}} {{fitment.engine_display}} Siehe Anwendung"
"3262","2018-11-30","internetbasiert","deutschland vegetarisch - esskultur. Esskultur, 2018-11-30","https://www.esskultur.at/shop/buch/deutschland-vegetarisch/","[...] tradition. koch und autor stevan paul (nutriculinary) hat sich auf die suche nach den neuen, alten klassikern gemacht und 150 alltagstaugliche rezepte für 5 jahreszeiten wiederentdeckt. frisches gartengemüse, kräuter und süßes obst spielen die hauptrolle in diesem buch. klassiker wie die frankfurter grüne sauce, schupfnudeln oder reibekuchen und regionale lieblingsspeisen wie die „errötende jungfrau“ oder der „große hans“ werden schritt für schritt erklärt. und zum nachtisch gibt es kindheitserinnerungen wie warmen milchreis, rote grütze oder frisch gebackene pfannkuchen mit apfelkompott. als draufgabe gibt es viele varianten, tipps, querverweise und ein umfangreiches register, in dem alle wichtigen zutaten zu finden sind. [...]"
"3263","2020-08-01","internetbasiert","Microsoft Project Professional 2019. Lizenz2Go, 2020-08-01","https://lizenz2go.ch/products/microsoft-project-professional-2019","Spezifikationen Lizenz Lizenztyp Vollversion Lizenzdauer Perpetual Lizenzform ESD Anzahl Geräte 1x Sprache Multilingual Software Hersteller Microsoft Produktfamilie Project Produktserie Professional Herst.-Nr. {{ variant.sku }} Systemanforderungen Betriebssystem Windows 10 Windows Server 2019 Festplattenspeicher 4 GB Arbeitsspeicher (RAM) 2 GB (32 Bit), 4 GB (64 Bit)"
"3264","2020-06-04","internetbasiert","Wie man nordvpn abonniert – Nordvpn | Werbecode. Bester VPN-Vergleicher, 2020-06-04","http://minecraftopia.de/wie-man-nordvpn-abonniert-nordvpn-werbecode/","Die populärsten varianten einige us-server ausgezeichnet."
"3265","2020-03-25","internetbasiert","Corona - Dr. Groda & Partner. Dr. Groda & Partner, 2020-03-25","https://www.groda-partner.de/corona/","Variante a:"
"3266","2020-11-03","internetbasiert","VW Golf 8 Variant - Kompaktkombi in sechster Generation - NewCarz.de. NewCarz.de, 2020-11-03","https://www.newcarz.de/2020/11/03/vw-golf-8-variant-kompaktkombi-in-sechster-generation/","Serienmäßig an ein 7-Gang-Doppelkupplungsgetriebe (DSG) gekoppelt, schaltet dieser Golf Variant den elektrisch „aufgeladenen“ Turbomotor (eTSI) wann immer möglich komplett ab, um in diesem Fall lautlos und emissionsfrei zu segeln und dabei Energie zu sparen."
"3267","2020-02-28","internetbasiert","meine-wiking-welt - Passat Variant V. meine-wiking-welt.eu, 2020-02-28","https://www.meine-wiking-welt.eu/pkw/volkswagen/passat-variant-v/","VW Passat Variant 03802 1999-2001 altweiß, IE mit separiertem Lenkrad dunkelgrau, Innenspiegel Teil der Verglasung, Scheibenwischer Teil der Karosserie, plastische Heckwischer, 2 Außenspiegel in Wagenfarbe, Frontscheinwerfer klartransparent + Rückleuchten rottransparent eingesetzt, mit plastische Dachreling schwarz, eingesetzter schwarzer Grill mit gesilbertem VW-Emblem, mit Zughaken, Räder zweiteilig Alufelgen mit aufgezogenen Reifen, Bodenplatte schwarz, Bodenprägung modernes Wiking-Logo + ""Germany""."
"3268","2020-08-03","internetbasiert","Variant 2718 B4 | 400x180cm - 2,7t | Maschinentransporter - Blattfederung. PKW-Anhänger kaufen bei P+P Anhängercenter | Wohnmobil Vermietung & Anhängervermietung, 2020-08-03","http://www.ppanhaengercenter.com/store/p618/Variant-2718B4-Baumaschinentransporter-blattfederung.html","Hersteller: Variant"
"3269","2019-09-12","internetbasiert","FS240 Es gibt noch alte Leute. Freak Show, 2019-09-12","https://freakshow.fm/fs240-es-gibt-noch-alte-leute","Geht auf jeden fall und marisa finde ich es so die beste paris da variante very,auf dem camp haben wir dann auch noch was ausprobiert was wir dann unter dem schönen namen einhorn pisse fortgeführt haben,das kam nämlich in den kommentaren als das letzte mal zu dem thema gesprochen hatte meinte jemand mach doch mal orangensaft rein,das gibt dem nochmal einen besonderen kick gibt es dann ausprobiert was soll ich sagen geil hafermilch,mit orangensaft."
"3270","2018-07-19","internetbasiert","Balkonsanierung - Robert Kauderer GmbH. Anstrich und Sanierungstechnik Robert Kauderer GmbH, 2018-07-19","https://www.ast-kauderer.de/leistungen/balkonsanierung/","Ob die klassische Variant mit Fliesen oder die Variant mit einer Kunststoffbeschichtung je nach System und Wünschen wie z.B. neue Geländer Konstruktion aus Edelstahl sowie Verkleidung aus Glas oder Trespa mit ein Auswahl von vielen Farbtönen ist möglich."
"3271","2019-06-28","internetbasiert","Esstischgestelle aus Stahl | TischDirekt.de. TischDirekt.de GmbH, 2019-06-28","https://www.tischdirekt.de/tischgestelle/esstischgestelle-aus-stahl/","VARIANTEN _____"
"3272","2018-03-30","internetbasiert","IoT in der Praxis: Smart Rail. 0800hardware.de, 2018-03-30","http://0800hardware.de/iot-in-der-praxis-smart-rail/","The ease of use of a Nano board with the addition of secure IoT and BT connectivity Small (45mm x 18mm), robust and powerful board; 3.3V variant of the Nano family."
"3273","2018-08-15","internetbasiert","Variant 25-183 von Hanse Haus | Fertighaus.de. Fertighaus.de, 2018-08-15","https://www.fertighaus.de/haeuser/hanse-variant25183/","Mit seinem cleveren Grundriss ist das Variant 25-183 ein Haus, in dem die ganze Familie Raum für eigene Ideen findet."
"3274","2020-01-01","internetbasiert","Der Volkswagen Golf Variant: Der Allrounder. heisel.de, 2020-01-01","https://www.heisel.de/der-volkswagen-golf-variant-der-allrounder/","Der Volkswagen Golf Variant:"
"3275","2020-06-13","internetbasiert","Verwandle dein Auto zum Camper! | INTER-TRADE.at keep it simple.. INTER-TRADE.at, 2020-06-13","https://www.inter-trade.at/shop","In den Warenkorb Schnellansicht AIRPASS Sonnensegel zu Dachzelt Variant Preis ab 339,00 € inkl. MwSt."
"3276","2020-07-06","internetbasiert","Volkswagen startet MEB-Umbau des Werks Emden - electrive.net. electrive.net, 2020-07-06","https://www.electrive.net/2020/07/06/vw-startet-meb-umbau-des-werks-emden/","Die Fertigung der Modelle Passat Limousine und Variant, Arteon sowie der neuen Variante Shooting Brake wird laut VW für eine „mehrjährige Übergangszeit“ weiterlaufen."
"3277","2020-08-03","internetbasiert","Variant 3518 M3 | 300x180cm - 3,5t | Baumaschinen Anhänger mit Blattfederung. PKW-Anhänger kaufen bei P+P Anhängercenter | Wohnmobil Vermietung & Anhängervermietung, 2020-08-03","http://www.ppanhaengercenter.com/store/p615/Variant-3518M3-Baumaschinenanhaenger-Blattfederung.html","Variant"
"3278","2019-02-16","internetbasiert","Heckstoßstange RS-Style R32, VW Golf 4 - SRS-TEC. SRS-TEC, 2019-02-16","https://srs-tec.de/produkt/heckstossstange-rs-style-r32-vw-golf-4/","Golf 4 Typ: 1J Modelljahr: 1997 – 2003 Ausführung: alle (außer Kombi/Variant)"
"3279","2018-05-31","internetbasiert","VW Passat Variant: Den neuen Volkswagen bewundern. Auto-Kombi, 2018-05-31","https://www.kombi.de/vw-passat-variant/","Als in den frühen 1970er Jahren der VW Passat Variant erstmals auf den Markt kam, überzeugte das auf dem Audi 80 basierende Konzept auf Anhieb."
"3280","2020-05-07","internetbasiert","VARIANT plus nutzt das System ABRA Gen. | ABRA Software. ABRA Software, 2020-05-07","https://www.abra.eu/dach/referenzen/variant-plus/","Der Geschäftserfolg von VARIANT plus basiert auf hochwertigen Produkten, einem breiten Warenangebot, das alle Kundenbedürfnisse abdeckt, ständiger Warenverfügbarkeit, hochwertiger technologischer Ausstattung, Beratung und flexiblen Verkaufsstrategien, deren Gipfel die ausgeklügelte Preisermittlung ist, die online auf alle Faktoren des Vertriebsmarkts im Bereich der elektronischen Gebäudeabsicherung reagieren kann."
"3281","2018-02-14","internetbasiert","Chipsets as a Service: Qualcomm Wireless Edge Services für IoT-Management. 0800hardware.de, 2018-02-14","http://0800hardware.de/chipsets-as-a-service-qualcomm-wireless-edge-services-fuer-iot-management/","Small (45mm x 18mm), robust and powerful board; 3.3V variant of the Nano family."
"3282","2020-12-18","internetbasiert","SAP in Google Cloud | Beratung, Einführung, Training, Support. Cloudwürdig, 2020-12-18","https://cloudwuerdig.com/cloud-infrastruktur/sap-google-cloud/","Next-level of SAP System handover-tasks Automation, Multiple DEV/QA Golden-Master Template Libraries with different SAP Release & Business Data Snapshots & Provisioning with on-the-fly variant parameterizations"
"3283","2020-02-24","internetbasiert","Nordvpn-Anzeigenblocker – Nordvpn : Vor dem Kauf lesen. Bester VPN-Vergleicher, 2020-02-24","http://minecraftopia.de/nordvpn-anzeigenblocker-nordvpn-vor-dem-kauf-lesen/","Muss man bei der nordvpn findet hier kann man bedenkt dass nordvpn eine variante, bei tech forum habe die bbb nordvpn möglichkeit, entsprechende konfigurationsdatei /etc/sysconfig/iptables-config folgendes allgemeines problem ist, dem ping zu 95 euro."
"3284","2020-07-23","internetbasiert","Gebrauchte Rundballenpresse. Europa-Landmaschinen.de, 2020-07-23","https://www.europa-landmaschinen.de/rundballenpresse/7-152-v513/gebrauchte-rundballenpresse.html","Gebrauchter Rundballenpresse Claas Variant 480 RC Trend - Vorführmaschine"
"3285","2020-05-07","internetbasiert","Wie die CORONA-Erfahrung heute die aktuelle Geschichtsschreibung über z. b. den II. Weltkrieg ändert, das erkennt KLAUSENS. Bernds Space, 2020-05-07","https://klausenswarspacebeiwindows.wordpress.com/2020/05/07/wie-die-corona-erfahrung-heute-die-aktuelle-geschichtsschreibung-ueber-z-b-den-ii-weltkrieg-aendert-das-erkennt-klausens/","sicher, sicher, es gibt millionen fälle, millionen varianten. du meinst jetzt die angst der eher „guten“ menschen, die das system immer schon abgelehnt haben. oder einzelnen juden, die sich verbergen konnten, vor den brutalen tätern. oder auch diejenigen in lagern, die eine befreiung herbeisehnten, bevor sie selber abgeschlachtet … vergast … verbrannt … ver …"
"3286","2020-02-10","internetbasiert","Relingträger, Dachträger | Ocean-Cross. Ocean-Cross, 2020-02-10","https://ocean-cross.de/produkt/relingtraeger-dachtraeger/","[...] Wagon 96> SUZUKI Gran Vitara 99>03 SUZUKI Ignis 01>07 SUZUKI Jimny 04> SUZUKI Jimny 98>04 SUZUKI Sx4 06> TATA Wagon 07> TATA Xenon 09> TOYOTA Yaris 99>05 TOYOTA Corolla Station Wagon 98>06 TOYOTA Rav 4 00>13 TOYOTA Yaris Verso 00> VOLKSWAGEN Caddy Maxi 08> VOLKSWAGEN Caddy Maxi Life 08> VOLKSWAGEN Cross Golf 07> VOLKSWAGEN Cross Polo 06>09 VOLKSWAGEN Cross Polo 10> VOLKSWAGEN Cross Up 13> VOLKSWAGEN Golf V Plus 05>09 VOLKSWAGEN Golf V Variant 07>10 VOLKSWAGEN Golf VI Plus 09> VOLKSWAGEN Golf VI Variant 10>12 VOLKSWAGEN Golf VII Variant 13> VOLKSWAGEN Passat Alltrack 12> VOLKSWAGEN Tiguan 07>13 VOLKSWAGEN Tiguan 13> VOLVO V90 97>98 ALFA ROMEO 156 Crosswagon 04>07 ALFA ROMEO 156 Sportwagon 00>05 AUDI A4 Avant 02>04 AUDI A4 Avant 96>01 AUDI A6 Allroad 00>04 AUDI A6 Avant 94>97 AUDI A6 Avant 98>04 BMW Serie 3 Touring (E36) 94>99 BMW Serie 3 Touring (E46/3) 99>05 BMW Serie 3 Touring (E91) 05>12 BMW Serie 5 Touring (E39) 95>04 CHEVROLET Captiva 06>13 CHEVROLET Wagon 11> CHEVROLET HHR 07> CHEVROLET Lacetti 04> CHEVROLET Matiz (Mk. [...]"
"3287","2020-01-01","internetbasiert","Der Volkswagen Golf Variant: Der Allrounder. heisel.de, 2020-01-01","https://www.heisel.de/der-volkswagen-golf-variant-der-allrounder/","Dass der Golf Variant mehr ist als nur ein nützliches Alltagsfahrzeug, erkennen Sie auf Anhieb an seiner dynamisch-eleganten Formensprache und an den vielen hochwertigen Details."
"3288","2020-02-10","internetbasiert","Relingträger, Dachträger | Ocean-Cross. Ocean-Cross, 2020-02-10","https://ocean-cross.de/produkt/relingtraeger-dachtraeger/","[...] 9-3 X 09> SAAB 9-4 X 11> SKODA Favorit Station Wagon 93> SKODA Felicia Station Wagon 96> SKODA Octavia II Station Wagon 04>12 SKODA Octavia III Station Wagon 13> SKODA Octavia Scout 07>13 SKODA Praktik 07> SSANGYONG Rexton 02>06 SUBARU Legacy Station Wagon 89>05 SUZUKI Vitara 88>02 TOYOTA Avensis Station Wagon 98>08 TOYOTA Avensis Verso 01>06 TOYOTA Camry Estate 92>96 TOYOTA Carina E Wagon 82> TOYOTA Picnic 97>00 TOYOTA Previa 00> VOLKSWAGEN Bora Variant 99>05 VOLKSWAGEN Golf III Variant 94>98 VOLKSWAGEN Golf IV Variant 99>07 VOLKSWAGEN Passat V Variant 11>14 VOLKSWAGEN Passat Variant 06>10 VOLKSWAGEN Passat Variant 83>96 VOLKSWAGEN Passat Variant 97>05 VOLKSWAGEN Polo Fun 03> VOLKSWAGEN Polo Variant 88> VOLVO 200 74>94 VOLVO 700 Station Wagon 84>92 VOLVO V40 96>04 VOLVO V50 04> Volvo XC90 06> Stand: Januar 2015 Liste ohne Gewähr [...]"
"3289","2018-11-18","internetbasiert","warum ängstliche hunde so dringend entspannung brauchen -. denktier.at, 2018-11-18","https://www.denktier.at/warum-aengstliche-hunde-so-dringend-entspannung-brauchen","3. tellington methode in meinen augen die absolut beste variante der körperarbeit, weil sie gleich auf mehreren ebenen wirkt und weil die sanften kreisenden oder hebenden bewegungen zu einer tiefenentspannung und einer ganz besonderen verbindung zwischen euch führen. richtig angewandt können die tellington ttouches sogar im körper festsitzende emotionen (die ja auch in den zellen gespeichert werden) lösen. ein wunderbares mittel gegen angst!"
"3290","2020-05-23","internetbasiert","Zustand der Schutzlosigkeit der nordvpn – Nordvpn : Warnung 2020. Bester VPN-Vergleicher, 2020-05-23","http://minecraftopia.de/zustand-der-schutzlosigkeit-der-nordvpn-nordvpn-warnung-2020/","Wenn sie sich die übertragungsraten hielten uns herausfinden, wofür das beste ist eine fundierte entscheidung zu bestimmten server liegt voll von expressvpn bessere variante sehr übersichtlich gehalten."
"3291","2020-01-01","internetbasiert","Modellgeschichte - Typ3.de. Typ3.de, 2020-01-01","https://www.typ3.de/modellgeschichte-2.html","Der VW 1500 erschien als Stufenheck und Variant"
"3292","2020-03-30","internetbasiert","Was uns das Coronavirus COVID-19 unbedingt sagen will. Linke Zeitung, 2020-03-30","https://linkezeitung.de/2020/03/30/was-uns-das-coronavirus-covid-19-unbedingt-sagen-will/","es spielt überhaupt keine rolle mehr ob das coronavirus manipuliert wurde, weil zich varianten schon seit eh und je durch welt schwirren und zu tausendfachen todesfällen geführt haben—diese alljährliche normalität benutzt man jetzt um von dem viel größeren problem: der schon seit langem am boden liegenden weltwirtschaft/börsencrash, abzulenken, denn ein ausverkauf der aktien/bankenrun wäre nicht so gut in griff zu bekommen wie eine viruspandemie"
"3293","2020-08-03","internetbasiert","Variant 3500 U6 | 620x210cm - 3,5t | Kippbarer Multitransporter mit Hochplane & Airlinefront. PKW-Anhänger kaufen bei P+P Anhängercenter | Wohnmobil Vermietung & Anhängervermietung, 2020-08-03","http://www.ppanhaengercenter.com/store/p866/Variant-3500-U6-Plane-Airlinefront.html","Variant kippbare Anhänger mit Planenaufbau"
"3294","2020-01-01","internetbasiert","21-630. isover.ch, 2020-01-01","https://www.isover.ch/de/solutions/21-630","Description Unité 1 Unité 2 Variant 1 Variant 2 Variant 3 Variant 4 Variant 5 Variant 6 Kassettenbreite b [mm] 500 600 600 ISOLENE P 032 d [mm] 20 20 20 CLADISOL 032 d [mm] 140 120 140 Wärmeschutz im Winter und Sommer Wärmedurchgangskoeffizient:"
"3295","2019-01-04","internetbasiert","Tesla öffnet Model-3-Konfigurator für deutsche Kunden. ecomento.de, 2019-01-04","https://ecomento.de/2019/01/04/tesla-oeffnet-model-3-konfigurator-fuer-deutsche-kunden/","“Nur 14.263 bestellungen für die beiden teuersten varianten."
"3296","2020-04-10","internetbasiert","Am 19.April steht im Kalender ganz groß PFLANZENTAUSCHBÖRSE.. Kräuter - Querbeet mit Blog, 2020-04-10","https://www.kraeuter-querbeet.de/2020/04/10/pflanzentauschboerse/","Und wenn euch die variante nicht so gefällt, dann topft bitte alle gut ein und hebt sie bis zur nächsten Gelegenheit auf."
"3297","2020-08-03","internetbasiert","E-LUX STANDARD Not-/Sicherheitsleuchte LED-Leuchtmittel Wandmontage Erkennungsweite 22 m inkl. 4 Piktogramme direkt beim Hersteller kaufen. wolkdirekt.com, 2020-08-03","https://www.wolkdirekt.com/wandmontage-erkennungsweite-22-m-inkl-4-piktogramme-_-5618808.html","CEAG Sicherheitsleuchte Style Variant 2 (doppelseitig) - Einzelbatterie Deckenmontage, Erkennungsweite 32 m, inkl. 3 Piktogrammen"
"3298","2019-01-01","internetbasiert","Doppel Din Radioblende mit Fach PRO Seat , Skoda, VW schwarz. Msh-Store, 2019-01-01","https://msh-store.de/fahrzeug-spezifisch/fahrzeugtypen/vw/radioblenden/2814/doppel-din-radioblende-mit-fach-pro-seat-skoda-vw-schwarz","Variant"
"3299","2018-03-16","internetbasiert","VW-Markenchef will Straßen für Elektroautos reservieren. ecomento.de, 2018-03-16","https://ecomento.de/2018/03/16/vw-markenchef-will-strassen-fuer-elektroautos-reservieren/","VW Golf VII 1.6 TDI Variant = 2,9"
"3300","2020-09-09","internetbasiert","VW Golf 8 Variant R-Line Premiere und Golf Alltrack - Autogefühl. Autogefühl, 2020-09-09","https://www.autogefuehl.de/2020/09/09/vw-golf-8-variant-r-line-premiere-und-golf-alltrack/","Die Länge des neuen Golf 8 Variant beträgt nunmehr 4,63 m (Hatch 4,28 m)."
"3301","2020-01-01","internetbasiert","VW Golf R Variant: Erobert Grenzbereiche. Volkswagen Österreich, 2020-01-01","https://www.volkswagen.at/service-zubehoer/vorgaengermodelle/golf-r-variant-2019","Hier ist der Golf R Variant voll und ganz in seinem Element."
"3302","2020-10-18","internetbasiert","Viren, Panikmache, Macht-Mißbrauch – die zweite Corona-Welle. Conservo, 2020-10-18","https://conservo.wordpress.com/2020/10/18/viren-panikmache-macht-missbrauch-die-zweite-corona-welle/","What real-life implications do this mutation or G614 variant brings, in terms of transmission, disease severity, treatment, and vaccines?"
"3303","2020-02-13","internetbasiert","VW Golf 6 Variant - Car Media. Car Media, 2020-02-13","https://www.carmedia.de/marken/vw-golf-6-variant/","VW Golf 6 Variant"
"3304","2020-10-22","internetbasiert","Hundehalsband & Hundeleine Olive Grove *ORANGE* |- isartau.de. isartau.de - handgemachte Hundeleinen, 2020-10-22","https://isartau.de/premium/olive-grove-orange/","Hinweis: Solltet Ihr das Halsband und die Leine aus KLETTERseil zeitversetzt erwerben, kann es bei den Kletterseil(!)varianten zu sichtbaren Farbabweichungen kommen."
"3305","2020-05-23","internetbasiert","Nordvpn frei mobil – Nordvpn | Wie funktioniert es?. Bester VPN-Vergleicher, 2020-05-23","http://minecraftopia.de/nordvpn-frei-mobil-nordvpn-wie-funktioniert-es/","Mit einem kostenlosen varianten sind hervorragend, in den arp-cache anzeigen zu hause, im ausland lohnt sich alle relevanten die shell handelt und authentifizierung über ein suchfeld."
"3306","2020-01-02","internetbasiert","Termine 2020. cas-merlin.de, 2020-01-02","https://www.cas-merlin.de/aktuelles/termine-2020/","22.06. - 23.06. Smart Variant CON - digitales Format -"
"3307","2019-01-26","internetbasiert","Gefahr für den Golf - Usinger Anzeiger. Usinger Anzeiger, 2019-01-26","https://www.usinger-anzeiger.de/ratgeber/auto-und-motorrad/autotests/hyundai/gefahr-fur-den-golf_19922481","Es ist noch gar nicht so lange her, da kaufte man sich den i30 Kombi von Hyundai, um im Vergleich zu heimischen Erzeugnissen wie dem VW Golf Variant ein paar Tausender zu sparen."
"3308","2019-12-22","internetbasiert","Tipps Archive - fullAccess. Fullaccess, 2019-12-22","https://www.fullaccess.de/access/tipps","Die Nz-Funktion erwartet einen Ausdruck des Typs Variant als Parameter."
"3309","2020-12-02","internetbasiert","Wahrhaftige Immunität für die Impf-Mafia | QPress 🌍 die 4/2 Wahrheiten. QPress • die vier Halbwahrheiten, 2020-12-02","https://qpress.de/2020/12/02/wahrhaftige-immunitaet-fuer-die-impf-mafia/","Der englischsprachige Artikel war umfangreich, bzw. enthält Details zu den „Spiel“varianten."
"3310","2019-11-10","internetbasiert","low poly vase aus beton -shabbychic - pilzlicht.ch. pilzlicht.ch, 2019-11-10","https://pilzlicht.ch/produkt/lowpolyvase-aus-beton-shabbychic/","in verschiedenen varianten kommt es z.b. auch als teelicht und sukulententopf in unserem sortiment vor."
"3311","2020-06-24","internetbasiert","VW bringt Arteon als PHEV und Shooting Brake - electrive.net. electrive.net, 2020-06-24","https://www.electrive.net/2020/06/24/vw-bringt-arteon-als-phev-und-shooting-brake/","Besonders der Shooting Brake soll „das Konzept des Variant völlig neu interpretieren“."
"3312","2020-09-18","internetbasiert","Ist die neue RTX 3080 besser als mein $5000 Dual PC Streaming Setup? - Stevinho.de - Ein ausgezeichneter Blog!. Stevinho.de - Ein ausgezeichneter Blog!, 2020-09-18","https://stevinho.justnetwork.eu/2020/09/18/ist-die-neue-rtx-3080-besser-als-mein-5000-dual-pc-streaming-setup/","Das je nachdem was AMD anbietet, auswirkungen darauf hat was an zusätzlichen RTX varianten in absehbarer Zeit noch auf dem Markt kommen."
"3313","2018-05-31","internetbasiert","VW Golf Variant: Zuverlässigkeit und Erfolg seit 1993. Auto-Kombi, 2018-05-31","https://www.kombi.de/vw-golf-variant/","In Ländern ohne die direkte Konkurrenz aus eigenem Haus wurde der Golf IV Variant auch mit einer stärkeren Motorisierung angeboten."
"3314","2018-04-18","internetbasiert","Industrial IoT zum Anfassen auf der Hannover Messe Industrie: Freudenberg IT präsentiert Praxisprojekt am SAP-Partnerstand in Halle 7, Stand A02. 0800hardware.de, 2018-04-18","http://0800hardware.de/industrial-iot-zum-anfassen-auf-der-hannover-messe-industrie-freudenberg-it-praesentiert-praxisprojekt-am-sap-partnerstand-in-halle-7-stand-a02/","Small (45mm x 18mm), robust and powerful board; 3.3V variant of the Nano family."
"3315","2018-07-21","internetbasiert","Siemens und Alibaba bündeln IoT-Ressourcen in China. 0800hardware.de, 2018-07-21","http://0800hardware.de/siemens-und-alibaba-buendeln-iot-ressourcen-in-china/","Small (45mm x 18mm), robust and powerful board; 3.3V variant of the Nano family."
"3316","2019-04-26","internetbasiert","Hanse Haus im Musterhauspark Bad Vilbel – Genau mein Zuhause. TM Handelsvertretung, 2019-04-26","https://www.genau-mein-zuhause.de/hanse-haus-musterhauspark-bad-vilbel/","Mit dem beliebten Allround Talent „Variant 45-175“ ist auch Hanse Haus im Herzen des „Musterhausparks Bad Vilbel“ vertreten."
"3317","2019-06-10","internetbasiert","Samsung: Galaxy Note 10 und S11 Nutzer haben einen Anschluss weniger. Testberichte, News, Tablets & Smartphones, 2019-06-10","https://www.appdated.de/2019/06/samsung-galaxy-note-10-und-s11-nutzer-brauchen-zukuenftig-wohl-einen-adapter-fuer-die-kopfhoerer/","It’s possible that this might be the 5G variant of the next Galaxy Note."
"3318","2019-07-10","internetbasiert","Autohaus – ES-CO Motors GmbH — Fahrzeugübersicht – Exclusive Cars. Autohaus ES-CO Motors GmbH, 2019-07-10","https://esco-motors.de/fahrzeuguebersicht/","[...] – 670 Motor-Restwärmenutzung – 720 Dachreling schwarz – 770 48,3 cm (19"") AMG Schmiederäder im Kreuzspeichen-Design – 773 AMG CARBON-PAKET Exterieur I – 776 Radlaufverbreiterung – 805 Modelljahr 2015 – 810 BURMESTER® Surround-Soundsystem – 815 DVD-Player – 840 Wärmedämmend dunkel getöntes Glas – 851 Wärme- und geräuschdämmendes Akustikglas – 865 TV-Tuner – 871 HANDS-FREE ACCESS – 875 Scheibenwaschanlage beheizt – 876 Innenraumlicht-Paket – 877 Ambientebeleuchtung – 882 Erweiterter Diebstahlschutz – 889 KEYLESS-GO inkl. Komfortkofferraumschließung – 890 EASY-PACK Heckklappe – 893 KEYLESS-GO Start-Funktion – 916 Kraftstoffbehälter mit 66 Liter Inhalt – 927 Abgasreinigung mit EURO6-Technik – A55 VARIANTE MOTORLAGER AMG – B03 ECO Start-Stopp-Funktion – B07 AMG KERAMIK Hochleistungs-Verbundbremsanlage – B54 Live Traffic Information – B59 DYNAMIC SELECT – H73 Zierelemente CARBON / Aluminium mit Längsschliff hell – K11 Adaptives Bremslicht – K14 Steuercode für Serviceintervall 20000 km – M014 Motor leistungsgesteigert – M177 V8-Ottomotor M177 – AMG – M40 Hubraum 4,0 Liter – P17 KEYLESS-GO Paket – P21 AIR-BALANCE Paket – P44 Park-Paket mit Rückfahrkamera – P49 Spiegel-Paket – P54 Diebstahlschutz-Paket mit Vorrüstung für Kollisionserkennung – P60 AMG NIGHT-PAKET Exterieur – P62 Designo Interieur bengalrot / schwarz – P86 Mercedes-AMG Interieur – P90 SPORT-STYLING-PAKET – U01 Fondgurt-Statusanzeige [...]"
"3319","2020-08-01","internetbasiert","Runde Taster mit Beleuchtung - wer bietet sowas noch an? Ersatzteilversand. forum.electronicwerkstatt.de, 2020-08-01","https://forum.electronicwerkstatt.de/phpBB/Elektroinstallation/runde_taster_mit_beleuchtung_wer_bietet_sowas_noch_an-t66232f17_bs0.html","also diese variante mit der weißen led hats in sich... @ WienStrom iss das diese variante wie sie auch von moeller benutzt wurde also fuer die einsaetze ? habe das maß nicht im kopf, aber in dem ring sind in der regel 4 einkerbungen und in dem gegenstueck ( taster/lampe/notausschalter / etc ) da iss nur eine kerbe, zum fixieren auf diese position glaube das lochmaß betraegt so zwischen 20 und 30 mm durchmesser . iss jetz aus dem kopf zusammengeschustert ... weil davon habe ich noch jede menge UP blenden in weiß und gelb ..."
"3320","2018-12-14","internetbasiert","Tricky Top 5 Tipps - so richtest du die perfekte Käseplatte an! - trickytine. Trickytine, 2018-12-14","https://trickytine.com/kaeseplatte-perfekt-anrichten/","käse ist der ideale partner und bietet so viele geschmackliche möglichkeiten! kitzelt die ganzen varianten eurer käseauswahl durch tolle beilagen heraus. genial passt zu eurer käseplatte:"
"3321","2020-02-18","internetbasiert","Aufbau einer deutschen Armee. behind-omaha.forumieren.com, 2020-02-18","https://behind-omaha.forumieren.com/t2411-aufbau-einer-deutschen-armee","da gibt es nee menge verschiedender varianten"
"3322","2018-03-22","internetbasiert","Elektronikgehäuse für IoT-Anwendungen. 0800hardware.de, 2018-03-22","http://0800hardware.de/elektronikgehaeuse-fuer-iot-anwendungen/","Small (45mm x 18mm), robust and powerful board; 3.3V variant of the Nano family."
"3323","2018-01-01","internetbasiert","Licht und Schatten. bundeswettbewerb-lyrix.de, 2018-01-01","https://www.bundeswettbewerb-lyrix.de/wettbewerb/detail/licht-und-schatten","hubschatten positive variante des abschattens. negiert das licht nicht, sondern hebt die dunkheit unter dem licht hervor. bei hubschatten wechseln licht und dunkelheit die seiten."
"3324","2020-08-05","internetbasiert","ADAC Autovermietung: Die Gelben Engel sind jetzt auch am Fuße des Berliner Fernsehturms zu finden. hasselwander.co.uk, 2020-08-05","https://www.hasselwander.co.uk/adac-autovermietung-die-gelben-engel-sind-jetzt-auch-am-fusse-des-berliner-fernsehturms-zu-finden/","Dort stehen, nicht nur ADAC Mitgliedern, von Montag bis Freitag, 8:00 – 18:00 Uhr, und Samstag, 8:00 – 12:00 Uhr, günstige Mietwagenmodelle wie VW Touran, VW Golf (Variant oder Limousine), Opel Zafira oder Ford C-Max zur Verfügung."
"3325","2019-02-12","internetbasiert","Schulranzen Test 2022 / 2023 – die besten Ranzen für die Grundschule. revando.de, 2019-02-12","https://revando.de/schulranzen-test/","Eine DIN 58124 konforme variante gibt es leider ebenso nicht."
"3326","2020-01-01","internetbasiert","1 Kolben VW Caddy Golf III Passat Polo Vento 1,9 D 1Y komplett 79,51 STD. Bus-Scheune.de, Ersatzteile fuer VW Bus T3 VW Bus T4 guenstig kaufen., 2020-01-01","https://www.bus-scheune.de/weitere-VW-Classic-Modelle/Golf-III/Motor/1-Kolben-VW-Caddy-Golf-III-Passat-Polo-Vento-1-9-D-1Y-komplett-79-51-STD::49387.html","1.9 D 11/95-01/04 VW GOLF III (1H1) 1.9 D 11/91-08/97 VW GOLF III Variant (1H5) 1.9 D 07/93-04/99 VW PASSAT (3A2, 35l) 1.9 D 05/89-10/93 VW PASSAT Variant (3A5, 35l) 1.9 D 05/89-10/93 VW POLO CLASSIC (6KV2) 1.9 SDI 12/95-08/99 VW VENTO (1H2) 1.9 D 11/91-09/98"
"3327","2018-05-31","internetbasiert","VW Passat Variant: Den neuen Volkswagen bewundern. Auto-Kombi, 2018-05-31","https://www.kombi.de/vw-passat-variant/","Viele Familien dürften ganze Dekaden über das Wort „Kombi“ mit dem VW Passat Variant gleichgesetzt haben."
"3328","2018-01-09","internetbasiert","Millionär Durch Sportwetten Inter Casino. kielspratineurope.eu, 2018-01-09","https://kielspratineurope.eu/category-roulette/17-04-2020-9274.php","Wildsymbolene kommer i flere varianter, auf die ihr setzen wollt."
"3329","2019-02-19","internetbasiert","Batman Last Knight und DCeased erscheinen im Mai. Das Batman-Projekt, 2019-02-19","https://batmanprojekt.com/2019/02/19/batman-last-knight-und-dceased-erscheinen-im-mai/","Dazu soll es zwei Variant Cover von Francesco Mattina und Yasmine Putri geben, letztere zitiert das Filmplakat des Es-Remakes von 2017."
"3330","2020-01-01","internetbasiert","VW Golf Variant kaufen: Der Allrounder. Volkswagen Österreich, 2020-01-01","https://www.volkswagen.at/volkswagen-kaufen/vw-golf-variant-kaufen","Jetzt konfigurieren und VW Golf Variant bei Ihrem Wunschhändler kaufen VW Golf Variant Gebrauchtwagen"
"3331","2020-09-09","internetbasiert","VW Golf 8 Variant R-Line Premiere und Golf Alltrack - Autogefühl. Autogefühl, 2020-09-09","https://www.autogefuehl.de/2020/09/09/vw-golf-8-variant-r-line-premiere-und-golf-alltrack/","Der VW Golf 8 ist natürlich auch wieder als Variant / Kombi erhältlich, nun mit längerem Radstand als der Golf Hatch."
"3332","2020-03-12","internetbasiert","Black Cat 1 - Auf Raubzug Variant 2 (Comic | Panini | Marvel) | What's Up Jonny. What's Up Jonny, 2020-03-12","https://www.whatsupjonny.de/product-page/black-cat-1-auf-raubzug-variant-2-comic-panini-marvel","Black Cat 1 - Auf Raubzug Variant 2 (Comic | Panini | Marvel)"
"3333","2019-11-27","internetbasiert","Langschläfer mit Cranberries und Schokolade. linalsbackhimmel.de, 2019-11-27","https://linalsbackhimmel.de/weihnachtliche-langschlaefer-mit-cranberries-und-schokolade-synchronbacken/","gekauft! habe noch korinthen gebunkert. da könnte ich es doch glatt auch nochmal mit einer süßen variante probieren. sehr schön, dein ergebnis!"
"3334","2020-01-01","internetbasiert","Debon Dreiseitenkipper DDK 180x360 3,5t|E-Pumpe||Aktion. Koch Anhängerwerke, 2020-01-01","https://www.kochanhaengerwerke.de/kipper/3-seitenkipper/debon-dreiseitenkipper-ddk-180x360-3-5t-e-pumpe-aktion","Variant Hochlader Anhänger P4 3021 Comfort | 205x415cm 3,0t"
"3335","2018-04-10","internetbasiert","Variant 25-135. TM Handelsvertretung, 2018-04-10","https://www.genau-mein-zuhause.de/pf/variant-25-135/","0175 36 56 530 Beratungsgespräch vereinbaren Primary Menu Startseite Über mich Leistungen Musterhaus Erfahrungen Kontakt 10. April 2018 Hanse Häuser Variant 25-135 Hanse Variant 25-135 Weiter"
"3336","2019-08-12","internetbasiert","In Borderlands 3 haben Spieler schon jetzt einen klaren Lieblings-Helden. Mein-MMO.de, 2019-08-12","https://mein-mmo.de/borderlands-3-lieblingsheld-jetzt-schon/","2 von 3 Mainskills sind auf Fernkampf ausgelegt und selbst der Brawler-Tree hat 2 midrange varianten."
"3337","2018-08-01","internetbasiert","FOX. beyerdynamic GmbH & Co. KG, 2018-08-01","https://www.beyerdynamic.de/fox.html","sa2 Solved Variant"
"3338","2020-07-12","internetbasiert","Bildergalerie. abenteuerdachzelt.de, 2020-07-12","https://abenteuerdachzelt.de/bildergalerie/","Airpass 160 auf Anhäger montiert Defender mit Airpass Airpass MX Long Inter Trade Nimis Variant XL Variant MX Long Variant L Variant MX Long Variant MX Long Variant MX Long Variant MX Long Variant MX Long Variant XL Variant XL Variant XL Variant XL , da würde auch noch ein viertes Kind reinpassen BMW 7er mit Varinat XL BMW 7er mit Varinat XL BMW 7er mit Varinat XL BMW 7er mit Varinat XL"
"3339","2019-01-07","internetbasiert","Schlagwörter: IIoT-Security, IIoT-Sicherheit, Industrial IoT, IoT, Trend Micro. 0800hardware.de, 2019-01-07","http://0800hardware.de/schlagwoerter-iiot-security-iiot-sicherheit-industrial-iot-iot-trend-micro/","The ease of use of a Nano board with the addition of secure IoT and BT connectivity Small (45mm x 18mm), robust and powerful board; 3.3V variant of the Nano family."
"3340","2020-01-01","internetbasiert","Waschwasserdüse VW Golf Cabrio Caddy Polo Passat - 1 Stück. Bus-Scheune.de, Ersatzteile fuer VW Bus T3 VW Bus T4 guenstig kaufen., 2020-01-01","https://www.bus-scheune.de/weitere-VW-Classic-Modelle/Golf-1/Karosserieteile/Waschwasserduese-VW-Golf-Cabrio-Caddy-Polo-Passat-1-Stueck::49428.html","[...] 1.4 1.6 1.9 D SDI TDI 11/95-01/04 VW CORRADO (53I) 1.8 2.0 2.0 i G60 16V VR6 09/88-12/95 VW GOLF I Cabriolet (155) 1.6 1.8 08/82-04/93 VW GOLF III (1H1) 1.4 1.6 1.8 1.9 2.0 2.8 2.9 D SDI TDI VR6 11/91-08/97 VW GOLF III Cabriolet (1E7) 1.6 1.8 1.9 2.0 TDI 07/93-05/98 VW GOLF III Variant (1H5) 1.4 1.6 1.8 1.9 2.0 2.9 D TD TDI VR6 07/93-04/99 VW GOLF IV Cabriolet (1E7) 1.6 1.8 1.9 2.0 TDI 06/98-06/02 VW PASSAT (3A2, 35I) 1.6 1.8 1.9 2.0 2.8 D TD TDI 16V VR6 02/88-08/96 VW PASSAT Variant (3A5, 35I) 1.6 1.8 1.9 2.0 2.8 2.9 D TD TDI 16V VR6 02/88-05/97 VW POLO (6N1) 1.0 1.3 1.4 1.6 1.7 1.9 D SDI 16V 10/94-10/99 VW POLO (6N2) 1.0 1.4 1.6 1.7 1.9 D SDI TDI 16V 10/99-09/01 VW POLO CLASSIC (6KV2) 1.4 1.6 1.7 1.9 SDI TDI 16V 11/95-09/01 VW POLO Kasten (6NF) 1.0 1.4 1.7 1.9 D SDI 10/94-12/99 VW POLO Variant (6KV5 [...]"
"3341","2018-03-31","internetbasiert","Passat Sonderleasing - Wolfert Gruppe. Wolfert Gruppe, 2018-03-31","https://www.wolfert-gruppe.de/gebrauchtwagen/passat-sonderleasing/","Sonderleasing für Jahreswagen Passat, Passat Variant und Golf Variant."
"3342","2018-09-01","internetbasiert","DT 240 PRO. beyerdynamic GmbH & Co. KG, 2018-09-01","https://www.beyerdynamic.ch/dt-240-pro.html","Solved variant"
"3343","2020-01-01","internetbasiert","Matador MPS 400 Variant All Weather 2 205/75 R16 11 R. Autoreifenfinder, 2020-01-01","https://www.autoreifenfinder.ch/matador/mps-400-variant-all-weather-2/205-75-r16-11r-130984/","Matador MPS 400 Variant All Weather 2 ( 205/75 R16C 110/108R 8PR)"
"3344","2019-03-21","internetbasiert","Verbraucherzentralen wollen doppelte Förderung für kleine Elektroautos. ecomento.de, 2019-03-21","https://ecomento.de/2019/03/21/verbraucherzentralen-kleine-elektroautos-sollen-doppelte-foerderung-erhalten/","Es gibt aber auch die variante, dass tesla ein fahrzeug produziert, dass preislich innerhalb der fördergrenze liegt."
"3345","2018-11-08","internetbasiert","Impressum - Variant-Systembau. Variant Systembau GmbH, 2018-11-08","http://www.variantsystembau.de/impressum/","Variant Systembau GmbH Tannenweg 22k 18059 Rostock"
"3346","2020-09-22","internetbasiert","Hefter FPi-4800 - AMMERER. AMMERER, 2020-09-22","https://www.ammerer.at/hefter-fpi-4800/","Hohe Flexibilität durch verschiedene Modell- varianten"
"3347","2020-01-01","internetbasiert","Matador MPS 400 Variant All Weather 2 195/75 R16 10 R. Autoreifenfinder, 2020-01-01","https://www.autoreifenfinder.ch/matador/mps-400-variant-all-weather-2/195-75-r16-10r-105304/","Matador MPS 400 Variant All Weather 2 ( 195/75 R16C 107/105R 8PR)"
"3348","2020-09-21","internetbasiert","Jetzt bestellbar: Der neue VW Golf Variant. Autohaus Stoppanski, 2020-09-21","https://www.stoppanski.de/news/golf-variant-bestellbar/","Parallel debütiert auch der neue Golf Alltrack als allradgetriebenen Golf Variant mit SUV-Genen."
"3349","2018-11-30","internetbasiert","Hundeschuhe Test 2023 ▷ unsere TOP Empfehlungen im Vergleich | 🥇. CountryDog - Alles über Border Collies, 2018-11-30","https://www.countrydog.de/hundeschuhe/","Das betrifft vor allem varianten aus Baumwolle."
"3350","2020-07-27","internetbasiert","VW Passat Bahnpolizei. Modellsammlung.de, 2020-07-27","http://www.modellsammlung.de/modelle/vw-passat-bahnpolizei/","Automarke: Volkswagen Modell: Passat Variant Organisation: Bahnpolizei Verwendung: Streifenwagen Kennung:"
"3351","2019-07-02","internetbasiert","Teilnehmer*in Traineeprogramm Forschung und Entwicklung ioT und Machine Learning. 0800hardware.de, 2019-07-02","http://0800hardware.de/teilnehmerin-traineeprogramm-forschung-und-entwicklung-iot-und-machine-learning/","Small (45mm x 18mm), robust and powerful board; 3.3V variant of the Nano family."
"3352","2020-05-20","internetbasiert","UKW027 Corona Weekly: Superrot und Supergrün. UKW, 2020-05-20","https://ukw.fm/ukw027-corona-weekly-superrot-und-supergruen/","Ja nein es sieht eigentlich ganz okay aus also der berühmte wert beziehungsweise der neue berühmte.Über sieben tage geglättete erwehrt liegt jetzt so bei null kommaacht drei also um um die null komma acht um je nachdem wie man die sieben tage glättung durchführt weil da gibt's auch nochmal verschiedene varianten."
"3353","2018-04-10","internetbasiert","Cerec Krone: Mit Cerec zum Zahnersatz ab einer Stunde (2020). Zahnarzt Dinkelsbühl, 2018-04-10","https://ihre-zahnaerzte.org/cerec-krone/","Sich oder fräse variante sich anschließend unsere ist."
"3354","2018-05-02","internetbasiert","Captain America: Steve Rogers 5: Der Anschlag, 13,40 €. Captain America: Steve Rogers 5: Der Anschlag, 13,40 €, 2018-05-02","https://www.merchfox.at/Captain-America-Steve-Rogers-5-Der-Anschlag","Deutsch Format: Softcover (SC) Variantcover: kein Variant Erstveröffentlichung: 02.05.2018 Seiten: 100 Autor/en: Nick Spencer"
"3355","2018-01-01","internetbasiert","Vom Abgasskandal betroffene Fahrzeuge. rechtsrat-abgas.de, 2018-01-01","https://www.rechtsrat-abgas.de/betroffene-fahrzeuge/","VW Golf VI (GTD, 1.6 TDI, 1.6 TDI BlueMotion,1.6 TDI BlueMotion Technology, Variant, Cabrio, Golf Plus)"
"3356","2020-06-06","internetbasiert","TA Technix Gewindefahrwerk passend für Audi A3 Quattro, TT Quattro / Seat Leon 4x4 / Skoda Octavia 4x4 / VW Bora 4motion ,Golf IV 4motion, New Beetle RSI - D2 Racing Germany. D2 Racing Germany, 2020-06-06","https://www.d2racing-germany.de/produkt/ta-technix-gewindefahrwerk-passend-fuer-audi-a3-quattro-tt-quattro-seat-leon-4x4-skoda-octavia-4x4-vw-bora-4motion-golf-iv-4motion-new-beetle-rsi/","A3 Quattro, Typ 8L, TT Quattro, Typ 8N, TT Roadster Quattro Typ 8N, Leon, Typ 1M, Octavia Limousine, Typ 1U, Octavia Combi, Typ 1U, Bora, Typ 1J, Bora Variant, Typ 1J, Golf IV, Typ 1J, Golf IV Variant, Typ 1J,"
"3357","2020-08-03","internetbasiert","GRUNDIG st 70-466 Ersatzteilversand. forum.electronicwerkstatt.de, 2020-08-03","https://forum.electronicwerkstatt.de/phpBB/Ersatzteile_Reparatur_Fernseher/grundig_st_70_466-t5109f5_bs0.html","ups heisst ja st 70466 habs im topic richtig geschrieben dann bei der nummer falsch und dernb. hab ich schon 2 universale durch geht halt überall nur helligkeit und farbe zu verstellen aber leider nirgends kontrast aber wie schon voher gefragt wenns ne möglichkeit gäbe den auf werksteinstellungen zu bringen wärs glaub ich die billigste variante [ Diese Nachricht wurde geändert von: mmmmm am 6 Jun 2003 0:21]"
"3358","2019-02-25","internetbasiert","Kurzarbeit bei VW: Zwickau kämpft mit Zulieferer-Engpässen. Produktion Online, 2019-02-25","https://www.produktion.de/wirtschaft/kurzarbeit-bei-vw-zwickau-kaempft-mit-zulieferer-engpaessen-283.html","Die Produktion an der Linie 1, wo Golf und Golf Variant gefertigt werden, wird den Angaben zufolge ohne Unterbrechung fortgeführt, ebenso die Karosseriefertigung für Bentley und Lamborghini."
"3359","2020-07-14","internetbasiert","TV Hitachi CPT-2789 PS Ersatzteilversand. forum.electronicwerkstatt.de, 2020-07-14","https://forum.electronicwerkstatt.de/phpBB/Ersatzteile_Reparatur_Fernseher/tv_hitachi_cpt_2789_ps-t4592f5_bs0.html","Hi wie sieht das Chassis den aus bei Hitachi sind verschiedene varianten angesagt nehme mal an das da ein salora drin ist wenn dem so ist sitzt auf der linken seite unten der DST oberhalb sitzt ein Elko ca 100uF?? mal prüfen ist gern taub _________________ Mit freunlichen Grüßen Thomas"
"3360","2018-10-19","internetbasiert","TÜV Rheinland eröffnet IoT Excellence Center in Shenzhen. 0800hardware.de, 2018-10-19","http://0800hardware.de/tuev-rheinland-eroeffnet-iot-excellence-center-in-shenzhen/","The ease of use of a Nano board with the addition of secure IoT and BT connectivity Small (45mm x 18mm), robust and powerful board; 3.3V variant of the Nano family."
"3361","2019-01-27","internetbasiert","Brennenstuhl RC CE1 4001 - CAPTAIN-BRAUSE.DE. CAPTAIN-BRAUSE.DE, 2019-01-27","https://www.steckdosen-test.de/2019/01/27/brennenstuhl-rc-ce1-4001/","Eine super varianten Auswahl wie wir finden, denn nicht jeder Anbieter hat so eine gute Auswahl."
"3362","2018-06-01","internetbasiert","Haben Sie Fragen?. Hanse Haus, 2018-06-01","https://www.hanse-haus.ch/de/fuer-sie/mediathek/360-grad-touren/","360°-Rundgang: Variant 172"
"3363","2018-02-16","internetbasiert","Digest: Deutsche Youtuber – 16.02.2018. Digest: Deutsche Youtuber – 16.02.2018, 2018-02-16","https://ausfahrt.tv/digest-deutsche-youtuber-16-02-2018/","BBM Motorsport: VW Golf VII R Variant Upgrade by BBM vom: 16.02.2018 17:30:21 Uhr Hier geht es zum BBM Tuningshop: http://bit.ly/BBM_Tuningshop Ihr findet uns auch auf Instagram unter: http://www.instagram.com/bbm_motorsport …"
"3364","2020-04-23","internetbasiert","VW startet Wiederanlauf der ID.3-Produktion in Zwickau. ecomento.de, 2020-04-23","https://ecomento.de/2020/04/23/vw-wiederanlauf-id-3-produktion-in-zwickau/","Ende April folge im Werk Zwickau der schrittweise Anlauf der Fertigung des Golf Variant."
"3365","2020-10-27","internetbasiert","Neue Sinnlichkeit 76 Blätter für Menschen, die sich nach mir sehnen. Dietmar Moews's Blog, 2020-10-27","https://lichtgeschwindigkeit.wordpress.com/2020/10/27/neue-sinnlichkeit-76-blatter-fur-menschen-die-sich-nach-mir-sehnen/","Auch weil – immer angesichts des Todes – jeder Alltagsmensch in seiner individuellen Sozialität einem sehr varianten Mix von Interessenssphären angehört bzw. ausgesetzt ist."
"3366","2018-01-01","internetbasiert","Kniestrümpfe. Wowerat Socken Großhandel Shop, 2018-01-01","https://www.wowerat.de/damen/kniestruempfe/","FRÖHLICH-BUNTE VARIANTE PUZZLE* 70% Baumwolle, 24% Polyamid, 6% Elasthan TOP-Artikel!"
"3367","2018-04-17","internetbasiert","Volkswagen Sachsen bietet Sonderführungen im Fahrzeugwerk Zwickau an. My Bavaria - Das Bayern-Magazin, 2018-04-17","http://my-bavaria.com/zu-den-auto-nachrichten/volkswagen-sachsen-bietet-sonderfuehrungen-im-fahrzeugwerk-zwickau-an/","Gegenwärtig fertigen die knapp 8.000 Beschäftigten in Zwickau die Modelle Golf, Golf Variant und Passat Variant."
"3368","2019-03-10","internetbasiert","Diesel als Neuwagen?. ING, 2019-03-10","https://www.ing.de/ueber-uns/wissenswert/diesel-neukauf/","Mein Variant fährt mit etwa 5,5 Liter / 100 km die A2 Berlin-Ruhrpott mit 120-140 km/h Durchschnitt."
"3369","2020-01-01","internetbasiert","Der Volkswagen Golf Variant: Der Allrounder. heisel.de, 2020-01-01","https://www.heisel.de/der-volkswagen-golf-variant-der-allrounder/","Das R-Line Exterieur Paket mit ausdrucksstarkem Frontstoßfänger, sportlichem Diffusor, schwarz glänzenden Lufteinlässen und Schwellerverbreiterung verleiht dem Golf Variant einen markanten, sportlichen Look."
"3370","2020-08-03","internetbasiert","Dreiseitenkipper Anhänger. PKW-Anhänger kaufen bei P+P Anhängercenter | Wohnmobil Vermietung & Anhängervermietung, 2020-08-03","https://www.ppanhaengercenter.com/dreiseitenkipper.html","Variant 3017 TB | 320x168cm - 3t | Dreiseitenkipper Anhänger - Blattfederung - Bordwandaufsatz - Flachplane"
"3371","2019-10-31","internetbasiert","Zurückhaltend war gestern: Honor 20 soll eine neue Farbe bekommen. Testberichte, News, Tablets & Smartphones, 2019-10-31","https://www.appdated.de/2019/10/zurueckhaltend-war-gestern-honor-20-soll-eine-neue-farbe-bekommen/","However, it seems Honor has a new colour variant to introduce on November 1st to the series."
"3372","2018-08-05","internetbasiert","Ralf Rauer | AR Architektur Planung & Design | Ettenheim. AR-Architektur, 2018-08-05","https://www.ar-rauer.de","News News Variante 1 Lorem ipsum dolor sit amet, consetetur sadipscing elitr"
"3373","2019-05-15","internetbasiert","Video Archives - nextmove. Nextmove, 2019-05-15","https://nextmove.de/type/video/","The Model 3 that took part in this test is equipped with a KW Variant 3 suspension."
"3374","2020-10-05","internetbasiert","Bodenarbeitsseil Dünn - Prices from 51.60 to 58.75. Bataliru, 2020-10-05","https://bataliru.de/products/bodenarbeitsseil-dunn-prices-from-51-60-to-58-75","[...] MwSt. zzgl. Versandkosten Title Variant for price 51.6 Variant for price 52 Variant for price 52.1 Variant for price 52.2 Variant for price 52.45 Variant for price 52.55 Variant for price 52.65 Variant for price 53.05 Variant for price 53.15 Variant for price 53.25 Variant for price 53.5 Variant for price 53.6 Variant for price 53.7 Variant for price 54.1 Variant for price 54.2 Variant for price 54.55 Variant for price 54.65 Variant for price 54.75 Variant for price 55.15 Variant for price 55.25 Variant for price 55.6 Variant for price 55.7 Variant for price 56.2 Variant for price 56.65 Variant for price 56.75 Variant for price 57.25 Variant for price 57.7 Variant for price 58.75 Variant for price 51.6 Variant for price 52 Variant for price 52.1 Variant for price 52.2 Variant for price 52.45 Variant for price 52.55 Variant for price 52.65 Variant for price 53.05 Variant for price 53.15 Variant for price 53.25 Variant for price 53.5 Variant for price 53.6 Variant for price 53.7 Variant for price 54.1 Variant for price 54.2 Variant for price 54.55 Variant for price 54.65 Variant for price 54.75 Variant for price 55.15 Variant for price 55.25 Variant for price 55.6 Variant [...]"
"3375","2018-11-06","internetbasiert","Electrify-BW – Der Podcast #33: Model 3 is coming. Electrify-BW – Der Podcast, 2018-11-06","https://podcast02b313.podigee.io/36-electrify-bw-der-podcast-33-model-3-is-coming","Vom umgebauten VW 1600 Variant über den Fiat 500e bis hin natürlich zu zahlreichen Tesla Model S und X."
"3376","2018-08-05","internetbasiert","Ralf Rauer | AR Architektur Planung & Design | Ettenheim. AR-Architektur, 2018-08-05","https://www.ar-rauer.de","News News Variante 2 Lorem ipsum dolor sit amet, consetetur sadipscing elitr"
"3377","2018-10-26","internetbasiert","Suche. tksoft-online.de, 2018-10-26","http://www.tksoft-online.de/index.php/ms-access/codes/codeschnipsel-zahlen/196-unter-ms-access-beliebig-runden","Function Round_New(Wert As Variant, Rundungszahl As Double) As Double Dim Res As Variant If IsNull(Wert)"
"3378","2018-09-19","internetbasiert","Kaspersky: Wachsende Gefahr für IoT-Geräte. 0800hardware.de, 2018-09-19","http://0800hardware.de/kaspersky-wachsende-gefahr-fuer-iot-geraete/","The ease of use of a Nano board with the addition of secure IoT and BT connectivity Small (45mm x 18mm), robust and powerful board; 3.3V variant of the Nano family."
"3379","2019-11-22","internetbasiert","Bhakti Yoga- Göttliche Hingabe meets Asanas. LumLetter, 2019-11-22","http://lumletter.lumnettahexen.de/2019/11/22/bhakti-yoga-goettliche-hingabe-meets-asanas/","Bhakti bedeutet göttliche Hingabe und wird in allen varianten des Hinduismus glühend zelebriert."
"3380","2020-07-16","internetbasiert","Jetzt bei Rameder: Schwenkbare Anhängerkupplung für Passat 3C. hasselwander.co.uk, 2020-07-16","https://www.hasselwander.co.uk/jetzt-bei-rameder-schwenkbare-anhaengerkupplung-fuer-passat-3c/","Der Shop des führenden Anbieters von Anhängerkupplungen hält unter www.kupplung.de ab sofort einen schwenkbaren Zughaken sowohl für die Passat Limousine als auch für den Passat Variant bereit."
"3381","2019-04-01","internetbasiert","Studie: Deutsche kaufen wegen Rabatten wieder mehr Diesel. www.tarife.de, 2019-04-01","https://www.tarife.de/nachrichten/studie-deutsche-kaufen-wegen-rabatten-wieder-mehr-diesel_219495.html","Dudenhöffer berichtete, auf den einschlägigen Internet-Portalen werde zum Beispiel ein Golf Variant in der Diesel-Ausführung mit einem Rabatt von 28,8 Prozent auf den Listenpreis angeboten, während ein vergleichbarer Benziner nur 14,7 Prozent günstiger sei als auf der Liste."
"3382","2020-01-01","internetbasiert","World of Blond. world-of-blond.de, 2020-01-01","https://www.world-of-blond.de","[...] Nach Relevanz Nach Preis (aufsteigend) Nach Preis (absteigend) -55% Haarfarbe Blondme Bleach & Tone 18,24€ €8,25 / 60ml € 137,50 / 1l MERKEN VARIANTE Haarfarbe Blondme Blonde Lifting €19,50 / 60ml € 325,00 / 1l MERKEN VARIANTE Tönung Blondme Blonde Toning €19,50 / 60ml € 325,00 / 1l MERKEN VARIANTE Haarfarbe Blondme White Blending €19,50 / 60ml € 325,00 / 1l MERKEN VARIANTE Haarfarbe BlondMe Hi-Lighting €19,50 / 60ml € 325,00 / 1l MERKEN VARIANTE -12% Haarfarbe Raliss Hair Color 3,95€ €3,49 / 60ml € 58,17 / 1l MERKEN VARIANTE -60% Tönung Igora Vibrance 17,37€ €6,99 / 60ml € 116,50 / 1l MERKEN VARIANTE -61% Blondierpulver Blondme Bond Enforcing Premium Lightener 9+ 67,11€ €25,96 / 450g € 57,69 / 1kg MERKEN WARENKORB -45% Maske Raliss Reconstructive Hair Mask 15,95€ €8,85 / 500ml € 17,70 / 1l MERKEN WARENKORB -49% Conditioner Raliss Revitalizing Hair Conditioner 16,70€ €8,55 / 500ml € 17,10 / 1l MERKEN WARENKORB -34% Farbentferner Raliss Hair Color Clean 7,60€ €4,99 / [...]"
"3383","2020-04-01","internetbasiert","Militärbewegungen auf deutschem Boden / Umfrage!. Bumi Bahagia / Glückliche Erde, 2020-04-01","https://bumibahagia.com/2020/04/01/militaerbewegungen-auf-deutschem-boden-umfrage/","Das dortige Werk fertigt unter anderem Golf Variant."
"3384","2018-04-15","internetbasiert","Cantina Sportoletti Villa Fidelia Passito Greghetto - Umbriaweine. Umbriaweine, 2018-04-15","https://umbriaweine.de/shop/cantina-sportoletti-villa-fidelia-passito-greghetto/","Der Villa Fidelia® ist ein Süßer Variant und ist gemacht aus 100% Greghetto."
"3385","2019-05-09","internetbasiert","VW ID.3: Über 10.000 Registrierungen in 24 h, 200 Vorserienfahrzeuge bereits gebaut. ecomento.de, 2019-05-09","https://ecomento.de/2019/05/09/vw-elektroauto-id-3-ueber-10-000-registrierungen-in-24-stunden-200-vorserienfahrzeuge/","D.h. spätestens 3 monate nach produktionsbeginn der ID.3, die für die kundenausliefertung vorgesehen sind, wird auch die einfachste varianten für 26.000 € nach förderung gebaut."
"3386","2020-01-01","internetbasiert","24-100. isover.ch, 2020-01-01","https://www.isover.ch/de/solutions/24-100","Description Unité 1 Unité 2 Variant 1 Variant 2 Variant 3 Variant 4 Variant 5 Variant 6 ISOCONFORT 032 PR d [mm] 120 120 120 120 140 160 ISOPONTE 032 d [mm] 60 80 100 120 120 120 Wärmeschutz im Winter und Sommer ** ** ** *** *** *** Wärmedurchgangskoeffizient:"
"3387","2020-01-01","internetbasiert","25-100. isover.ch, 2020-01-01","https://www.isover.ch/de/solutions/25-100","Description Unité 1 Unité 2 Variant 1 Variant 2 Variant 3 Variant 4 Variant 5 Variant 6 PB M 030 d [mm] 40 Wärmeschutz im Winter und Sommer Wärmedurchgangskoeffizient U [W/(m2 K)] 0.45 Wärmeschutz im Sommer Wärmespeicherfähigkeit (mit Rsi) κi [Wh/m2 K)] 16 Schalldämmung Bewertetes Schalldämm-Mass Rw [dB] 64 Spektrum-Anpassungswerte (C;Ctr)"
"3388","2020-01-01","internetbasiert","Matador MPS 400 Variant All Weather 2 175/65 R14 90 T. Autoreifenfinder, 2020-01-01","https://www.autoreifenfinder.ch/matador/mps-400-variant-all-weather-2/175-65-r14-90t-157302/","""Matador MPS 400 Variant All Weather 2 ( 175/65 R14C 90/88T 6PR )"""
"3389","2020-08-03","internetbasiert","Kastensystem. SHG Rolladen-Systeme GmbH, 2020-08-03","https://www.shginfo.de/rollladen-sonnenschutz-insektenschutz-garagentore-produkt/kastensystem/","Das innovative Rollladensystem Variant 2.0 von SHG lässt keine Wünsche offen."
"3390","2019-01-01","internetbasiert","Wartungspaket Volkswagen Gruppe Benziner A3 Leon Golf V Insp. Autoteile Schork, 2019-01-01","https://www.autoteile-schork.de/shop/fahrzeugteile-nkw-tuning/wartungspakete/audi-vw-seat-skoda/febi-wartungspaket-volkswagen-gruppe-benziner-a3-leon-golf-v-insp_8339,de,156083,596988","[...]] 1Z3 1Z5 05/04 - VW Caddy 3 1.6 B [BGU, BSE, BSF] 2KA 2KB 02/04 - 08/10 VW Caddy 4 1.6 B [BSF] 2CA, 2CB 08/10 - VW Caddy Maxi 1.6 B [BSE, BSF] 2KH, 2KJ 04/06 - 08/10 VW Touran, Crosstouran 1.6 B [BGU, BSE, BSF] 1T 02/03 - VW Golf 5 1.6 B [BGU, BSE, BSF, CCSA], 1.6 X [CCSA] 1K1 VW Golf 5 Variant 1.6 B [BSE, BSF, CCSA], 1.6 X [CCSA] 1K5 VW Golf 5 Plus 1.6 B [BSE, BSF], 1.6 X [CCSA] 5M1 VW Golf 6 1.6 B [BSE, BSF, CCSA, CMXA], 1.6 F [CHGA] 5K1 VW Golf 6 Variant 1.6 B [BSE, BSF, CCSA, CMXA] AJ5 VW Golf 6 Plus 1.6 B [BSE, BSF, CMXA], 1.6 F [CHGA] 521 VW Jetta 1.6 B [BSE, [...]"
"3391","2019-06-11","internetbasiert","u-blox definiert IoT-Sicherheit mit einem 5G-fähigen Mobilfunkmodul und Chipsatz für LPWA-IoT-Anwendungen neu. 0800hardware.de, 2019-06-11","http://0800hardware.de/u-blox-definiert-iot-sicherheit-mit-einem-5g-faehigen-mobilfunkmodul-und-chipsatz-fuer-lpwa-iot-anwendungen-neu/","Small (45mm x 18mm), robust and powerful board; 3.3V variant of the Nano family."
"3392","2019-01-01","internetbasiert","OMSI 2 Add-On Studio Polygon Lite Pack Steam Key für PC online kaufen. Gamesplanet.com, 2019-01-01","https://de.gamesplanet.com/game/omsi-2-add-on-studio-polygon-lite-pack-steam-key--2886-38","11.5m Non-Micro Hybrid Variant, with Engine/Gearbox Options listed above."
"3393","2020-11-28","internetbasiert","Die Reife(n)prüfung - Sandmanns Welt. Sandmanns Welt, 2020-11-28","https://www.sandmanns-welt.de/ganzjahresreifen-fuer-helmut/","Ich halte es gleich doppelt genäht, immer Winterreifen gepaart mit Allrad wenn dafür Saison ist, auf knapp 500 Höhenmetern auch nicht daneben, ich wechsle nur nicht die Reifen sondern einfach das Auto, vom Sommer Quattro den man mit Sommerreifen in unseren kurvenreichen Ecken gut fliegen lassen kann zum aktuellen Passat Variant 3BG 4-Motion mit dem man sich da festfährt wo andere nie hin kommen….."
"3394","2020-01-01","internetbasiert","Karriere. RMM Metallbearbeitung GmbH, 2020-01-01","https://www.rmm-metallbearbeitung.de/karriere/","[...] btn2_text_color=“#ffffff“ btn2_text_hovercolor=“#333333″ title_font_size=“desktop:18px;“ title_line_ht=“desktop:28px;“ btn_border_radius=“2″ btn1_heading_style=“font-weight:700;“ btn2_heading_style=“font-weight:700;“ css_dualbtn_design=“.vc_custom_1581678130098{margin-top: 0px !important;margin-bottom: 0px !important;padding-top: 0px !important;padding-bottom: 0px !important;}“ btn_width=“250″ btn1_font_family=“font_family:Roboto|font_call:Roboto|variant:700″ btn2_font_family=“font_family:Roboto|font_call:Roboto|variant:700″][/vc_column][/vc_row][vc_row equal_height=“yes“ bg_type=“bg_color“ bg_override=“full“ css=“.vc_custom_1572950423405{border-top-width: 50px !important;padding-bottom: 50px !important;}“][vc_column][vc_column_text css=“.vc_custom_1581677490237{margin-top: 30px !important;}“]Mehr als 1.000 m2 Produktionsfläche mit modernstem Maschinenpark und 20 qualifizierten Fachkräften machen uns somit zu einem produktiven und zuverlässigen Partner. [...]"
"3395","2019-03-24","internetbasiert","Programmier Tutorial: Apps für Android entwickeln – Teil 14: Mit Debugging Programmfehler im Quellcode finden. Mit Debugging Programmfehler im Quellcode finden in Android Studio, 2019-03-24","https://www.programmierenlernenhq.de/tutorial-android-debugging-mit-android-studio/","Hinweis: Der Debug Build Variant wird automatisch von Android Studio mit debuggable true konfiguriert."
"3396","2018-12-17","internetbasiert","IoT: Gerätehersteller im Wandel der Zeit. 0800hardware.de, 2018-12-17","http://0800hardware.de/iot-geraetehersteller-im-wandel-der-zeit/","The ease of use of a Nano board with the addition of secure IoT and BT connectivity Small (45mm x 18mm), robust and powerful board; 3.3V variant of the Nano family."
"3397","2020-07-17","internetbasiert","Geschwindigkeitsmessung mit 2 Lichtschranken Ersatzteilversand. forum.electronicwerkstatt.de, 2020-07-17","https://forum.electronicwerkstatt.de/phpBB/Elektrische_Probleme/geschwindigkeitsmessung_mit_2_lichtschranken-t25370f6_bs0.html","also hier die neue variante:"
"3398","2018-08-16","internetbasiert","projektstudie hochhaus, unterengstringen. arch5.ch, 2018-08-16","https://arch5.ch/projektstudie-hochhaus-unterengstringen/","projektstudie hochhaus, unterengstringen Veröffentlicht 16. August 2018 projektstudie hochhaus unterengstringen wohnungsspiegel 40 wohnungen – 20 x 1½ zimmer | 20 x 2½ zimmer volumen ca. 13’500 m³, sia 116 grundstücksfläche 1’803 m² variante 1 variante 2 variante 3 Kategorien:mehrfamilienhäuser vorheriger Beitrag neubau efh mit doppelgarage, hüntwangen nächster Beitrag neubau mfh mit tiefgarage, höri"
"3399","2020-08-01","internetbasiert","petri-heil.ch | Inserate. Dimastersoftware, 2020-08-01","https://petri-heil.ch/de/home/inserate/home","Hensa Variant"
"3400","2019-08-04","internetbasiert","Betreute Arbeiten - Evi Zemanek. Evi Zemanek, 2019-08-04","http://evizemanek.de/betreute-arbeiten/","Heterogene Weltzugänge in Franz Josef Czernins zungenenglisch. visionen, varianten (2014/15)"
"3401","2020-02-10","internetbasiert","Relingträger, Dachträger | Ocean-Cross. Ocean-Cross, 2020-02-10","https://ocean-cross.de/produkt/relingtraeger-dachtraeger/","[...] SAAB 9-4 X 11> SKODA Favorit Station Wagon 93> SKODA Felicia Station Wagon 96> SKODA Octavia II Station Wagon 04>12 SKODA Octavia III Station Wagon 13> SKODA Octavia Scout 07>13 SKODA Praktik 07> SSANGYONG Rexton 02>06 SUBARU Legacy Station Wagon 89>05 SUZUKI Vitara 88>02 TOYOTA Avensis Station Wagon 98>08 TOYOTA Avensis Verso 01>06 TOYOTA Camry Estate 92>96 TOYOTA Carina E Wagon 82> TOYOTA Picnic 97>00 TOYOTA Previa 00> VOLKSWAGEN Bora Variant 99>05 VOLKSWAGEN Golf III Variant 94>98 VOLKSWAGEN Golf IV Variant 99>07 VOLKSWAGEN Passat V Variant 11>14 VOLKSWAGEN Passat Variant 06>10 VOLKSWAGEN Passat Variant 83>96 VOLKSWAGEN Passat Variant 97>05 VOLKSWAGEN Polo Fun 03> VOLKSWAGEN Polo Variant 88> VOLVO 200 74>94 VOLVO 700 Station Wagon 84>92 VOLVO V40 96>04 VOLVO V50 04> Volvo XC90 06> Stand: Januar 2015 Liste ohne Gewähr [...]"
"3402","2018-02-24","internetbasiert","wie man den hund ruhig kriegt (der unterschied zwischen verhaltensunterdrückung und echter entspannung) -. Wie Man Den Hund Ruhig Kriegt (Der Unterschied Zwischen Verhaltensunterdrückung Und Echter Entspannung) -, 2018-02-24","https://www.denktier.at/wie-man-den-hund-ruhig-kriegt","variante 2. entspannung"
"3403","2018-03-13","internetbasiert","Aktualisierungen - Daten zu Treffen und bearbeitete Seiten. vw-411.de, 2018-03-13","http://vw-411.de/Aktualisierungen-Was-gibt-es-neues/","13.03.2018 - VW 411 LE Variant, 2000 - 2017; die Restaurierung beginnt."
"3404","2020-02-28","internetbasiert","meine-wiking-welt - Passat Variant V. meine-wiking-welt.eu, 2020-02-28","https://www.meine-wiking-welt.eu/pkw/volkswagen/passat-variant-v/","VW Passat Variant 06301 1999-2000 rot, IE mit separiertem Lenkrad d ' beige, Innenspiegel Teil der Verglasung, plastische Scheibenwischer, 2 Außenspiegel in Wagenfarbe, Frontscheinwerfer klartransparent + Rückleuchten rottransparent eingesetzt, mit plastische Dachreling schwarz, mit Zughaken silber, schwarzer Kühlergrill mit VW-Logo silber, seitliche Bedruckung der B- und C-Säule schwarz, schwarzer Kühlergrill mit VW-Logo silber, Bodenplatte schwarz, Räder zweiteilig mit Alufelgen + aufgezogenen Reifen, Bodenprägung modernes Wiking-Logo."
"3405","2020-08-12","internetbasiert",":: Cinderella Zwergen Mode. Cinderella Zwergen Mode, 2020-08-12","https://www.angelinas-dreams4you.de/51:evita","Het shirt valt op door de vierkante halslijn en kan in verschillende varianten, lange of korte mouwen, genaaid worden."
"3406","2020-09-09","internetbasiert","VW Golf 8 Variant R-Line Premiere und Golf Alltrack - Autogefühl. Autogefühl, 2020-09-09","https://www.autogefuehl.de/2020/09/09/vw-golf-8-variant-r-line-premiere-und-golf-alltrack/","Damit übernimmt die neue Golf-Generation beim Variant den Radstand und die Länge von Skoda Octavia und Seat Leon (jeweils in der neuen Generation)."
"3407","2018-05-31","internetbasiert","VW Golf Variant: Zuverlässigkeit und Erfolg seit 1993. Auto-Kombi, 2018-05-31","https://www.kombi.de/vw-golf-variant/","Die Produktion des Golf V Variant wurde allerdings bereits nach zwei Jahren eingestellt, da das Modell vom Golf VI Variant abgelöst wurde."
"3408","2018-11-23","internetbasiert","Fototische. studiotische.de, 2018-11-23","https://www.studiotische.de/Fototische","Artikel-Nr.: 801 Aufnahmetisch Variant Maxi mit automatischer Drehbühne 360° oder 3D"
"3409","2020-01-01","internetbasiert","Dolf - Typ3.de. Typ3.de, 2020-01-01","https://www.typ3.de/dolf.html","Den Typ4 oder den Typ3, beide als Variant zu haben."
"3410","2020-02-18","internetbasiert","▷ Top 5 Passiertuch (Test & Ratgeber) - Beste Nussmilchbeutel. Sparkugel.de, 2020-02-18","https://www.sparkugel.de/essen/mahlen-reiben/passiertuch","Was kennen wir für Nussmilch oder Getreide varianten zum Beispiel?"
"3411","2020-11-26","internetbasiert","PHEV-Versionen des VW Arteon kosten gut 50.000 Euro - electrive.net. electrive.net, 2020-11-26","https://www.electrive.net/2020/11/26/phev-versionen-des-vw-arteon-kosten-gut-50-000-euro/","Der Arteon Shooting Brake bildet die Kombi-Version ab und soll „das Konzept des Variant völlig neu interpretieren“."
"3412","2020-08-03","internetbasiert","Variant 3321 P6 | 615x205cm - 3,5t | Multitransporter - Hochlader. PKW-Anhänger kaufen bei P+P Anhängercenter | Wohnmobil Vermietung & Anhängervermietung, 2020-08-03","http://www.ppanhaengercenter.com/store/p829/Variant-3321P6-Hochlader-Tridem-Pkw-Anhaenger.html","Variant Hochlader"
"3413","2020-01-01","internetbasiert","Ari Widertschi mit PLAYA Schild. Die variante ist von unten nicht bemalt (Diorama - Variante). Ü-Ei online Shop auf Eierlei.de der umfangreiche Shop Ü-Eier, 2020-01-01","https://www.eierlei-shop.de/ari-widertschi-playa-von-unten-nicht-bemalt-variante.html","Die variante ist von unten nicht bemalt (Diorama - Variante)"
"3414","2018-09-26","internetbasiert","Einrichten von IoT Hub und Verbinden Ihres ersten Geräts. 0800hardware.de, 2018-09-26","http://0800hardware.de/einrichten-von-iot-hub-und-verbinden-ihres-ersten-geraets/","Small (45mm x 18mm), robust and powerful board; 3.3V variant of the Nano family."
"3415","2020-01-01","internetbasiert","Desyrel rezeptfrei kaufen. awc-of-berlin.de, 2020-01-01","https://awc-of-berlin.de/kaufen-desyrel-rezeptfrei.html","Die chemische zusammensetzung aller tabletten ist identisch, da diese pille die längste wirkungsdauer vorweisen kann und auch als variante zur täglichen einnahme erhältlich ist cialis once a day."
"3416","2018-10-26","internetbasiert","Suche. tksoft-online.de, 2018-10-26","http://www.tksoft-online.de/index.php/ms-access/bsp-db-s/bsp-downloads-datum-und-zeit/26-ermitteln-von-frei-definierbaren-zeitanteilen-aus-frei-definierbaren-zeitraeumen","Public Function Zeitraumerfassung(varStart As Variant, varEnde As Variant, varZeitraumStart As Variant, _ varZeitraumEnde As Variant, Optional fTyp As Boolean = True)"
"3417","2019-01-01","internetbasiert","Original Aluminium Felge VW | Top-Preis: 1.104,90 €. Top-Preis: 1.104,90 €, 2019-01-01","https://www.basenio.de/guenstig-kaufen/original-aluminium-felge-vw-57193/_golf-7/","[...], 265 KW, 360 PS VW Golf VII Variant 2013/04-2019/12 BA5 2.0 TDI 1968 ccm, 110 KW, 150 PS VW Golf VII Variant 2013/05-2019/12 BA5 2.0 TDI 1968 ccm, 81 KW, 110 PS VW Golf VII Variant 2013/04-2019/12 BA5 2.0 TDI 4motion 1968 ccm, 110 KW, 150 PS VW Golf VII Variant 2013/05-2019/12 BA5, BV5 1.4 TSI 1395 ccm, 103 KW, 140 PS VW Golf VII Variant 2017/04-2019/12 BA5, BV5 1.5 TSI 1498 ccm, 110 KW, 150 PS VW Golf VII Variant 2017/01-2019/12 BA5, BV5 1.0 TSI 999 ccm, 63 KW, 86 PS VW Golf VII Variant 2016/11-2019/12 BA5, BV5 2.0 GTD 1968 ccm, 130 KW, 177 PS VW Golf VII Variant 2016/12-2019/12 BA5, BV5 2.0 R 4motion 1984 ccm, 213 KW, 290 PS VW Golf VII Variant 2016/12-2019/12 BA5, BV5 2.0 R 4motion 1984 ccm, 228 KW, 310 PS [...]"
"3418","2019-03-24","internetbasiert","Programmier Tutorial: Apps für Android entwickeln – Teil 14: Mit Debugging Programmfehler im Quellcode finden. Mit Debugging Programmfehler im Quellcode finden in Android Studio, 2019-03-24","https://www.programmierenlernenhq.de/tutorial-android-debugging-mit-android-studio/","In dem Build Variant Tool Window (Markierung A) wird für jedes Modul der Android App der jeweils ausgewählte Build Variant angezeigt."
"3419","2020-09-01","internetbasiert","Fertighaus Variant 25-165 | HANSE HAUS. Hanse Haus, 2020-09-01","https://www.hanse-haus.ch/de/architektur/haeuser/haus/variant-25-165/","Mit dem Variant 25-165 kommt Farbe ins Spiel"
"3420","2019-01-01","internetbasiert","Original Aluminium Felge VW | Top-Preis: 1.104,90 €. Top-Preis: 1.104,90 €, 2019-01-01","https://www.basenio.de/guenstig-kaufen/original-aluminium-felge-vw-57193/_golf-7/","[...] BA5 1.2 TSI 1197 ccm, 63 KW, 86 PS VW Golf VII Variant 2014/04-2019/12 BA5 1.2 TSI 1197 ccm, 81 KW, 110 PS VW Golf VII Variant 2013/09-2019/12 BA5 1.4 TGI CNG 1395 ccm, 81 KW, 110 PS VW Golf VII Variant 2014/05-2019/12 BA5 1.4 TSI 1395 ccm, 92 KW, 125 PS VW Golf VII Variant 2014/05-2019/12 BA5 1.4 TSI 1395 ccm, 110 KW, 150 PS VW Golf VII Variant 2013/05-2019/12 BA5 1.4 TSI 1395 ccm, 90 KW, 122 PS VW Golf VII Variant 2014/05-2019/12 BA5 1.4 TSI MultiFuel 1395 ccm, 92 KW, 125 PS VW Golf VII Variant 2013/04-2019/12 BA5 1.4 TSI MultiFuel 1395 ccm, 90 KW, 122 PS VW Golf VII Variant 2014/05-2019/12 BA5 1.6 1598 ccm, 81 KW, 110 PS VW Golf VII Variant 2013/05-2019/12 BA5 1.6 TDI 1598 ccm, 66 KW, 90 PS VW Golf VII Variant 2016/11-2019/12 BA5 1.6 TDI 1598 ccm, 85 KW, 115 PS VW Golf VII Variant 2013/05-2019/12 BA5 1.6 TDI 1598 ccm, 81 KW, 110 PS VW [...]"
"3421","2018-10-09","internetbasiert","Erste vollständige IDSA-Infrastruktur wird auf IoT Solutions World Congress präsentiert. 0800hardware.de, 2018-10-09","http://0800hardware.de/erste-vollstaendige-idsa-infrastruktur-wird-auf-iot-solutions-world-congress-praesentiert/","The ease of use of a Nano board with the addition of secure IoT and BT connectivity Small (45mm x 18mm), robust and powerful board; 3.3V variant of the Nano family."
"3422","2020-04-30","internetbasiert","Nordvpn kostenloser Testbericht – Nordvpn : Warnung und Prüfung. Bester VPN-Vergleicher, 2020-04-30","http://minecraftopia.de/nordvpn-kostenloser-testbericht-nordvpn-warnung-und-prufung/","Auf dem markt, wie den positiven urteil über das günstigste variante."
"3423","2020-01-01","internetbasiert","Volkswagen Golf Variant 1.0TSI Life+Sofort Verfügbar+. Gustav Staiger Automobile, 2020-01-01","https://www.autohausstaiger.de/fahrzeugangebote/fahrzeugangebote/fahrzeug/volkswagen-golf-variant-10tsi-life-sitzheizung-kamera-366238807","Vorbesitz: EU-Fahrzeug mit Tageszulassung Modell: VW Golf Variant 1.0TSI Life --- Neupreis: 31.995,-EURO Standort:"
"3424","2019-01-01","internetbasiert","Original Aluminium Felge VW | Top-Preis: 1.104,90 €. Top-Preis: 1.104,90 €, 2019-01-01","https://www.basenio.de/guenstig-kaufen/original-aluminium-felge-vw-57193/_golf-7/","[...] BA5 1.4 TSI 1395 ccm, 90 KW, 122 PS VW Golf VII Variant 2014/05-2019/12 BA5 1.4 TSI MultiFuel 1395 ccm, 92 KW, 125 PS VW Golf VII Variant 2013/04-2019/12 BA5 1.4 TSI MultiFuel 1395 ccm, 90 KW, 122 PS VW Golf VII Variant 2014/05-2019/12 BA5 1.6 1598 ccm, 81 KW, 110 PS VW Golf VII Variant 2013/05-2019/12 BA5 1.6 TDI 1598 ccm, 66 KW, 90 PS VW Golf VII Variant 2016/11-2019/12 BA5 1.6 TDI 1598 ccm, 85 KW, 115 PS VW Golf VII Variant 2013/05-2019/12 BA5 1.6 TDI 1598 ccm, 81 KW, 110 PS VW Golf VII Variant 2013/05-2019/12 BA5 1.6 TDI 1598 ccm, 77 KW, 105 PS VW Golf VII Variant 2013/05-2019/12 BA5 1.6 TDI 4motion 1598 ccm, 77 KW, 105 PS VW Golf VII Variant 2013/05-2019/12 BA5 1.6 TDI 4motion 1598 ccm, 81 KW, 110 PS VW Golf VII Variant 2015/05-2019/12 BA5 1.0 TSI 999 ccm, 85 KW, 115 PS VW Golf VII Variant 2016/11-2019/12 BA5 1.0 TSI 999 ccm, 81 KW, [...]"
"3425","2020-03-08","internetbasiert","RZ085 Erforschung der Sonne. Raumzeit, 2020-03-08","https://raumzeit-podcast.de/2020/03/08/rz085-erforschung-der-sonne/","[...] mit diesen zwei mal einer venus vorbei et cetera und wir brauchen so ein so eine starke rakete ist das macht man das so an einem nachmittag oder.Für ziele hat.Aber von diesem zeitpunkt aus wo man weiß okay wenn wir müssen jetzt eine kleinere lösung eine andere lösung in anderen ansatz finden bis zu,jetzt haben wir auch einen vorschlag der ist mal durchgerechnet worden wir wollen genauso und so fliegen in der und der ausstattung,wie lange dauert das ist das eine sache von tagen wochen monaten jahren.Also für die kleinere variante sozusagen musste man nochmal zwei jahre lang planen bis man überhaupt ein plan hat den man vorlegen kann der dann erstmal genehmigt werden.Baut das ding.Wobei die rakete ja in gewisser hinsicht auch gesetzt war weil man ja schon davon ausging dass die sehr sehr sehr stark sein muss das ist ja teil der mission berechnung und so viele.Warum muss man denn kurz mal zwischen zu gehen.Wo kommt denn immer dieser zwang her dass diese komischen abkürzungen auch immer noch irgendwas richtiges heißen weil wenn man das ding einfach gas nennen will warum nennt man es [...]"
"3426","2020-05-09","internetbasiert","Theorie Diskussion im Online Vereinsabend. schachfreunde-heimersheim.de, 2020-05-09","https://www.schachfreunde-heimersheim.de/nachrichten/theorie-diskussion-im-online-vereinsabend/","Das Fazit scheint zu sein, dass die variante mit Tausch auf d4 und nachfolgendem Lg4 eher ungünstig für schwarz ist und eher Züge wie 6. … e5 oder e6 anzuraten sind."
"3427","2019-12-01","internetbasiert","expondo.at. expondo.at, 2019-12-01","https://www.expondo.at/royal-catering-servierwagen-2-borde-bis-160-kg-10010079","Farei una variante con le maniglie complanari al piano superiore per migliorare il suo ingombro."
"3428","2018-05-31","internetbasiert","VW Golf Variant: Zuverlässigkeit und Erfolg seit 1993. Auto-Kombi, 2018-05-31","https://www.kombi.de/vw-golf-variant/","Das Design des Golf 7 Variant ist kein Abklatsch der Grundversion, sondern eine eigenständige Idee zu erkennen."
"3429","2020-01-01","internetbasiert","Optoart. Ariel Literature OptoArt Multilingual, 2020-01-01","https://ariel-art.com/optoart","They are meant to be a modern variant of still lifes."
"3430","2020-02-14","internetbasiert","Erfahrungsberichte » verschiedene Fahrzeuge. NRW Stylers, 2020-02-14","http://nrwstylers.siteboard.eu/t6138f2094-verschiedene-Fahrzeuge.html","Zitat von Tekkle insbesondere haltbarkeit der Motoren, welcher Motor ist der beste, Rostprobleme oder Elektrik Probleme: 01. Passat Variant 35i ab BJ 96"
"3431","2020-11-13","internetbasiert","Lichtblicke in der Multiple Sklerose (MS) Forschung. Roche.de, 2020-11-13","https://www.roche.de/unternehmen/stories/lichtblicke-in-der-multiple-sklerose","Optic Neuritis, A New Variant of Experimental Encephalomyelitis, A Durable Model for All Seasons, Now In Its Seventieth Year."
"3432","2020-01-01","internetbasiert","21-635. isover.ch, 2020-01-01","https://www.isover.ch/de/solutions/21-635","Description Unité 1 Unité 2 Variant 1 Variant 2 Variant 3 Variant 4 Variant 5 Variant 6 Akustische Korrektur Frequenz f [Hz] 125 250 500 1000 2000 4000 mittel Schallabsorptionskoeffizient αS [–] 0.59 1.07 1.15 0.93 0.91 0.92 0.93"
"3433","2020-01-01","internetbasiert","Prototypen. RMM Metallbearbeitung GmbH, 2020-01-01","https://www.rmm-metallbearbeitung.de/know-how/prototypen/","[...] btn2_text_color=“#ffffff“ btn2_text_hovercolor=“#333333″ title_font_size=“desktop:18px;“ title_line_ht=“desktop:28px;“ btn_border_radius=“2″ btn1_heading_style=“font-weight:700;“ btn2_heading_style=“font-weight:700;“ css_dualbtn_design=“.vc_custom_1581678130098{margin-top: 0px !important;margin-bottom: 0px !important;padding-top: 0px !important;padding-bottom: 0px !important;}“ btn_width=“250″ btn1_font_family=“font_family:Roboto|font_call:Roboto|variant:700″ btn2_font_family=“font_family:Roboto|font_call:Roboto|variant:700″][/vc_column][/vc_row][vc_row equal_height=“yes“ bg_type=“bg_color“ bg_override=“full“ css=“.vc_custom_1572950423405{border-top-width: 50px !important;padding-bottom: 50px !important;}“][vc_column][vc_column_text css=“.vc_custom_1581677490237{margin-top: 30px !important;}“]Mehr als 1.000 m2 Produktionsfläche mit modernstem Maschinenpark und 20 qualifizierten Fachkräften machen uns somit zu einem produktiven und zuverlässigen Partner. [...]"
"3434","2020-01-01","internetbasiert","Rux Variant Modulgerüst - gebraucht zum Bestpreis kaufen. Cetrac Gmbh - Gerüste & Schalungen, 2020-01-01","https://www.geruest.com/rux-variant/","Das wird zur Bedeutung, wenn das Rux Variant mit einem Fassadengerüst kombiniert werden soll."
"3435","2018-03-27","internetbasiert","Forschungslabor für das Internet-der-Dinge NRW-Wirtschaftsminister Pinkwart eröffnet Ericsson IoT Business Lab in Aachen. 0800hardware.de, 2018-03-27","http://0800hardware.de/forschungslabor-fuer-das-internet-der-dinge-nrw-wirtschaftsminister-pinkwart-eroeffnet-ericsson-iot-business-lab-in-aachen/","Small (45mm x 18mm), robust and powerful board; 3.3V variant of the Nano family."
"3436","2020-01-01","internetbasiert","Pongratz Dreiseitenkipper PDK *Stahlbordwände* 176x310cm 3,5t|E-Pumpe|BWA. Koch Anhängerwerke, 2020-01-01","https://www.kochanhaengerwerke.de/kipper/3-seitenkipper/pongratz-dreiseitenkipper-pdk-stahlbordwaende-176x310cm-3-5t-e-pumpe-bwa","Variant Heckkipper Variant 168x320cm 2,7t | E-Pumpe | Rampen | Aktion"
"3437","2018-10-23","internetbasiert","LIFESTYLE: PLATZT DIE TONNE? SO EIN MÜLL!. *Konsumkaiser*, 2018-10-23","https://konsumkaiser.com/2018/10/23/lifestyle-platzt-die-tonne-so-ein-muell/","[...] mir ist noch etwas zum thema küchenpapier eingefallen. gibt es auch aus bambus, von der rolle. ok – bambusanbau ist jetzt auch nicht der weisheit letzter schluss, aber die blättchen sind waschbar. das ist jetzt nichts für jeden einsatszweck, ich habe einfach beide varianten in der küche einsatz. für einmaliges einfaches schnelles „wisch und weg“ sind die bambustücher prima. und weil die nicht günstig sind (ein zehner pro rolle) verwende ich sie auch achtsamer. die werden beim waschen etwas kleiner und sind nicht mehr so glatt. ich bewahre sie für den schnellen zugriff in einer box für kosmetiktücher auf. [...]"
"3438","2020-06-06","internetbasiert","Der VW Passat für die grünen Momente - Kreis-Anzeiger. Kreis-Anzeiger, 2020-06-06","https://www.kreis-anzeiger.de/ratgeber/auto-und-motorrad/autotests/volkswagen/der-vw-passat-fur-die-grunen-momente_21770500","Länge 4,89 m Preis (Grundausstattung) 45 810 € Breite 1,83 m Kofferraumvolumen 483-1613l Höhe 1,52 m Testverbrauch 4,6 l plus 15 kWh/100 km kW/PS 160/218 CO2-Ausstoß (WLTP) 37 g/km VW Passat GTE Variant Highline Länge 4,89 m Preis (Grundausstattung) 45 810 € Breite 1,83 m Kofferraumvolumen 483-1613l Höhe 1,52 m Testverbrauch 4,6 l plus 15 kWh/100 km kW/PS 160/218 CO2-Ausstoß (WLTP) 37 g/km"
"3439","2019-12-19","internetbasiert","Liebes von priebes ADAM Gurtpolster für Kinderwagen, Fahrradanhänger und Buggy 2-teilig | Kinderhaus Blaubär. kinderhaus-blaubaer.de, 2019-12-19","https://www.kinderhaus-blaubaer.de/liebes-von-priebes-adam-gurtpolster-fuer-kinderwagen-fahrradanhaenger-und-buggy-2-teilig_34834_56550","[...] { _tsRatingConfig = { tsid : 'X0C74C395F78C2D0663798C126CCFC286', element : '#ts_review_sticker', variant : 'testimonial', reviews : '5', betterThan : '3.0', richSnippets : 'on', backgroundColor : '#FFDC0F', linkColor : '#000000', quotationMarkColor : '#FFFFFF', fontFamily : 'Arial', reviewMinLength : '10' }; var scripts = document.getElementsByTagName('SCRIPT'), me = scripts[scripts.length - 1]; var _ts = document.createElement('SCRIPT'); _ts.type = 'text/javascript'; _ts.async = true; _ts.src = '//widgets.trustedshops.com/reviews/tsSticker/tsSticker.js'; me.parentNode.insertBefore(_ts, me); _tsRatingConfig.script = _ts; })(); [...]"
"3440","2019-08-29","internetbasiert","Kunststoffgefache zum Transport & Schutz • Wetropa Group. Wetropa Group, 2019-08-29","https://www.wetropa.de/produkte/gefache/","VARIANTEN DES GEFACHES"
"3441","2020-09-09","internetbasiert","VW Golf 8 Variant R-Line Premiere und Golf Alltrack - Autogefühl. Autogefühl, 2020-09-09","https://www.autogefuehl.de/2020/09/09/vw-golf-8-variant-r-line-premiere-und-golf-alltrack/","Die Beinfreiheit im Fond des Golf Variant ist 4 cm größer als im Vorgänger bzw. im Golf Hatch aufgrund des nun längeren Radstands."
"3442","2018-05-31","internetbasiert","VW Golf Variant: Zuverlässigkeit und Erfolg seit 1993. Auto-Kombi, 2018-05-31","https://www.kombi.de/vw-golf-variant/","Erstmals im Mai 2009 erhältlich, wurde der Golf VI Variant ab 2009 in Mexiko produziert."
"3443","2019-12-21","internetbasiert","CRE220 Sprechendes Denken. CRE: Technik, Kultur, Gesellschaft, 2019-12-21","https://cre.fm/cre220-sprechendes-denken","[...] in der verwendung in der benutzung von sprache verändert sich sprache,das ist einmal zu lang auch schon auf wasgrammatik angeht oder die erfindung neuer wörter die die regeln des mündlichen schriftlich und so weiter kommunizieren ist das alles entwickelt sich aber auch natürlich der reichtum von sprache die die konkrete,verwendungszweck zusammenhänge was heute verständlich ist muss nicht immer so verstanden worden sein oder überhaupt verstanden werden können und umgekehrt was einmal verständlich war und vollkommen normaler satz ist heute wenig anschlussfähigen und esentwickelt sich ständig fort aufgrund einfach der sein dass das vollkommen,unberechenbaren unvorhersehbaren varianten reichtums von gesellschaftliche entwicklung von kultureller entwicklung das ist einfachein nie aufhörenden zu stellen der entwicklung die so in in ganz unvorhersehbarer art.Sich evolutionär entwickelt sein und.Dann fragen zu stellen wie das ganz konkret sich vollzieht an einzelnen fällen beispielsweise so studien unternehmen,das wären dann mögliche sehr interessante forschungsfragen die auch unternommen werden sich,an ganz konkreten fällen das anzusehen wie sich da sprache sprach veränderungen sprach benutzung verändert und sowas aufzuzeigen an konkreten phänomen aber ebeneinen konkreten phänomen. [...]"
"3444","2020-06-12","internetbasiert","Datenschutzhinweis - TAS AG. TAS AG, 2020-06-12","https://tasag.de/datenschutzhinweis/","We use WhatsApp in the “WhatsApp Business” variant."
"3445","2018-09-21","internetbasiert","MURNAUERS BACHBLÜTEN Original Linie. murnauers-testportal.de, 2018-09-21","https://murnauers-testportal.de/murnauers-bachblueten/produkttest/murnauers-bachblueten-original-linie/","Wenn ich eine längere Zeit Bachblüten benutze verwende ich die Tropfen in der Wasserglas variante und mir hilft das sehr gut."
"3446","2020-08-03","internetbasiert","Variant 3521 P5 | 515x205cm - 3,5t | Hochlader - Hochplane. PKW-Anhänger kaufen bei P+P Anhängercenter | Wohnmobil Vermietung & Anhängervermietung, 2020-08-03","http://www.ppanhaengercenter.com/store/p823/Variant-3521-P5-515-x-205-cm.html","Variant Hochlader"
"3447","2020-01-01","internetbasiert","RMM Metallbearbeitung GmbH – Unternehmensprofil. RMM Metallbearbeitung GmbH, 2020-01-01","https://www.rmm-metallbearbeitung.de/rmm-gmbh-unternehmen/","[...]“#ffffff“ btn1_text_color=“#ffffff“ btn1_text_hovercolor=“#333333″ btn2_text_color=“#ffffff“ btn2_text_hovercolor=“#333333″ title_font_size=“desktop:18px;“ title_line_ht=“desktop:28px;“ btn_border_radius=“2″ btn1_heading_style=“font-weight:700;“ btn2_heading_style=“font-weight:700;“ css_dualbtn_design=“.vc_custom_1572949859202{margin-top: 0px !important;margin-bottom: 0px !important;padding-top: 0px !important;padding-bottom: 0px !important;}“ btn_width=“250″ btn1_font_family=“font_family:Roboto|font_call:Roboto|variant:700″ btn2_font_family=“font_family:Roboto|font_call:Roboto|variant:700″][/vc_column][/vc_row][vc_row full_width=“stretch_row_content“ bg_type=“image“ parallax_style=“vcpb-default“ bg_image_new=“id^53547|url^https://www.rmm-metallbearbeitung.de/wp-content/uploads/2019/11/IMG_4440.jpg|caption^Fotos für RMM Ralf Müller Metallbearbeitung|alt^null|title^Einfaches Nutzungsrecht (Druck und Internett) für Firma RMM Ilmenau Weitervermarktung Peter Kehrle|description^null“ bg_image_repeat=“no-repeat“ bg_img_attach=“fixed“ bg_override=“ex-full“ enable_overlay=“enable_overlay_value“ overlay_color=“rgba(0,0,0,0.55)“ overlay_pattern= [...]"
"3448","2018-12-05","internetbasiert","Model 3: Tesla gibt erste Details und Preise für Deutschland bekannt. ecomento.de, 2018-12-05","https://ecomento.de/2018/12/05/tesla-model-3-preise-details-fuer-deutschland/","Tesla muss geld verdienen und das ist zunächst nur mit den teureren varianten möglich."
"3449","2019-12-13","internetbasiert","Auf dem Weg in die Elektromobilität. steve-r.de, 2019-12-13","https://steve-r.de/2019/12/auf-dem-weg-in-die-elektromobilitat/","Und danach, es muss so um 2000 herum gewesen sein, mein erster Passat Variant."
"3450","2018-06-01","internetbasiert","Haben Sie Fragen?. Hanse Haus, 2018-06-01","https://www.hanse-haus.ch/de/fuer-sie/mediathek/360-grad-touren/","360°-Rundgang: Variant 35-235"
"3451","2019-02-17","internetbasiert","Hühnerrassen für kleine Gärten -. Hühner Kräuter, 2019-02-17","https://huehner-kraeuter.de/huehnerrassen-fuer-kleine-gaerten/","Urzwerge, also Hühner die von Natur aus klein sind und Zuchtzewrge, die es ursprünglich als normal große variante gab und gibt und aus denen man Zwergvarianten gezüchtet hat."
"3452","2019-04-21","internetbasiert","Voraussetzungen für die Anordnung des persönlichen Erscheinens einer Partei im Zivilprozess - Rechtsanwalt Dr. Martin Riemer. Rechtsanwalt Dr. Martin Riemer, 2019-04-21","https://www.dr-riemer.de/voraussetzungen-fuer-die-anordnung-des-persoenlichen-erscheinens-einer-partei-im-zivilprozess/","§ 141 Abs.1 S.2 ZPO sieht darüber hinaus auch Gründe vor, unter denen auf Antrag hin das persönliche Erscheinen wieder aufzuheben ist, ohne diese “wichtigen Gründe” im Einzelnen zu benennen, abgesehen von der variante der “zu großen Entfernung”."
"3453","2020-03-29","internetbasiert","☕ Die 51 Besten Kaffeegeschenke | Geschenkelister.de. Geschenkelister.de, 2020-03-29","https://geschenkelister.de/kaffeegeschenke/","Mit der elektrischen variante können geröstete Kaffeebohnen blitzschnell zu Pulver gemahlen werden für Filterkaffee oder die French Press."
"3454","2018-01-10","internetbasiert","Publikationen. Neurogeriatrie, 2018-01-10","https://www.neurologie.uni-kiel.de/de/neuroimmunologie-multiple-sklerose/publikationen/publikationen","A multiple sclerosis-associated variant of CBLB links genetic risk with type I IFN function."
"3455","2020-01-01","internetbasiert","Pongratz Heckkipper PK 1500 151x260cm 1,5t|Handpumpe. Koch Anhängerwerke, 2020-01-01","https://www.kochanhaengerwerke.de/kipper/rueckwaertskipper/pongratz-heckkipper-pk-1500-151x260cm-1-5t-handpumpe","Variant Hochlader Anhänger P4 3021 Comfort | 205x415cm 3,0t"
"3456","2018-08-16","internetbasiert","Weiterhin dreckige Luft trotz Software-Updates - Sonnenseite - Ökologische Kommunikation mit Franz Alt. Sonnenseite, 2018-08-16","https://www.sonnenseite.com/de/mobilitaet/weiterhin-dreckige-luft-trotz-software-updates/","Um die Wirksamkeit der Software-Updates zu bestimmen, wurden ein VW Golf VI Variant, 1.6 TDI, ein VW Caddy 2.0 TDI sowie ein VW Sharan 2.0 TDI – jeweils Euro 5 – auf der Straße gemessen."
"3457","2018-09-27","internetbasiert","Bosch Start-Up SAST: Erste offene IoT-Plattform für Sicherheitskameras. 0800hardware.de, 2018-09-27","http://0800hardware.de/bosch-start-up-sast-erste-offene-iot-plattform-fuer-sicherheitskameras/","Small (45mm x 18mm), robust and powerful board; 3.3V variant of the Nano family."
"3458","2019-06-19","internetbasiert","5 Take-aways von ML Conference und IoT Conference 2019. 0800hardware.de, 2019-06-19","http://0800hardware.de/5-take-aways-von-ml-conference-und-iot-conference-2019/","Small (45mm x 18mm), robust and powerful board; 3.3V variant of the Nano family."
"3459","2020-01-01","internetbasiert","21-500. isover.ch, 2020-01-01","https://www.isover.ch/de/solutions/21-500","Description Unité 1 Unité 2 Variant 1 Variant 2 Variant 3 Variant 4 Variant 5 Variant 6 ISOVOX d [mm] 45 45 45 45 45 45 PB F 030 d [mm] 80 100 120 140 160 180 Wärmeschutz im Winter und Sommer * * ** ** ** ** Wärmedurchgangskoeffizient:"
"3460","2018-09-02","internetbasiert","Werkstudent /Praktikant (w/m) im Bereich Digital Operations Management / IoT / Industrie 4.0. Werkstudent /Praktikant (w/m) im Bereich Digital Operations Management / IoT / Industrie 4.0, 2018-09-02","http://0800hardware.de/werkstudent-praktikant-w-m-im-bereich-digital-operations-management-iot-industrie-4-0/","The ease of use of a Nano board with the addition of secure IoT and BT connectivity Small (45mm x 18mm), robust and powerful board; 3.3V variant of the Nano family."
"3461","2019-01-10","internetbasiert","Zusätzliche Sicherheit mit einer Web Application Firewall - Computerfachmagazin.de. Computerfachmagazin.de, 2019-01-10","https://computerfachmagazin.de/news/zusaetzliche-sicherheit-mit-einer-web-application-firewall_2994/","Die Cloudbasierte variante ist nicht nur am kostengünstigsten, sondern auch am einfachsten zu implementieren."
"3462","2020-01-01","internetbasiert","Blogheim.at | Blogothek - Aktuelle Blogbeiträge. Blogheim.at, 2020-01-01","https://www.blogheim.at/blogothek?seite=81&suche=Kunst","mayonnaise verbindet man klassisch mit viel fett, viel ei und grade im sommer eher mit „too much“. doch meine vegane variante ist viel leichter, kommt natürlich vollständig ohne ei aus…The postLeichte vegane Sommer Mayonnaiseappear... GrundrezepteVegan Eats"
"3463","2020-04-01","internetbasiert","Online Casino Mit Hohem Bonus – Perfekten online spielautomaten. status-verlag.de, 2020-04-01","https://status-verlag.de/online-casino-mit-hohem-bonus-perfekten-online-spielautomaten/","De populariteit van deze Poker variant nam vervolgens razendsnel toe, dem Auslegertisch 1250 und dem 2600 mm Ablänganschlag in der perform-Ausstattung ist die C3 41 bereit für die größten Holzbearbeitungs-Herausforderungen."
"3464","2018-04-10","internetbasiert","Zahnfüllung: Welches Material ist für den Zahnersatz geeignet? (2020). Zahnarzt Dinkelsbühl, 2018-04-10","https://ihre-zahnaerzte.org/zahnfuellung/","Füllungen variante auch mit sepa allergie kinder mit keramik mit."
"3465","2020-02-28","internetbasiert","UKW008 Nach dem Brexit ist vor dem Brexit. UKW, 2020-02-28","https://ukw.fm/ukw008-nach-dem-brexit-ist-vor-dem-brexit/","[...] austritt gesetz in den britischen unterhaus also es gab einige sehr wichtige änderungen auf der britische seite weil das britische parlament.Hat sich jetzt aus dem prozedere ausgeschlossen vorher war es vorgesehen dass das was für ein abkommen.Ende dieser also wir sind,die haben jetzt den austrittsabkommen es wird auf offiziell bis ende zwanzig zwanzig den abkommen zu die zukünftige beziehung,wird's ja geben und offiziell muss es da dann eine abstimmung des britischen unterhauses geben am ende diese prozedere das war vorgesehen vor der unterhaus wahl.Dann kam der fall und dann diese variante des gesetzes was boris johnson dann reingebracht hatte mal wieder anfang januar an dem britischen unterhaus,hat dann keine rolle mehr des britischen unterhauses dann vorgesehen einfach mal keine abstimmung am ende wenn du das britische unterhaus sagt nee moment mal also dieses dieses dieses,abkommen zu den zukünftigen beziehungen mögen wir nicht.Dann pech ja also die haben dieses anmacht dann in die regierung einfach abgeben also das ist so eine entkernung des des,parlamentarischen kontrolle also dass die bereit sind sowas zu machen und das ist eine enorme macht gewinn für boris johnson und [...]"
"3466","2019-09-10","internetbasiert","SPD/Grüne unterstützten das Jugendtagungshaus fit für die Zukunft zu machen | | regio-aktuell24. Regio-Aktuell24 Straubing, 2019-09-10","https://regio-aktuell24.de/spd-gruene-unterstuetzten-das-jugendtagungshaus-fit-fuer-die-zukunft-zu-machen/62285","Variant 1: ein paralleler Anbau an den aktuellen Schlaftrakt, welcher mit 3,x Millionen Euro aktuell geschätzt ist, sowie Variante 2, in welchem der Zwischenbau abgerissen und durch einen größeren neuen Anbau ersetzt werde, welcher aktuell mit 4,x Millionen Euro geschätzt ist."
"3467","2019-02-06","internetbasiert","VW Passat Facelift: Safety 1st | CARWALK. CARWALK, 2019-02-06","https://carwalk.de/vw-passat-facelift-safety-1st/","Als erster Volkswagen überhaupt wird der parallel als Limousine und Variant debütierende Passat mit dem beeindruckenden neuen IQ.DRIVE-System ausgestattet, bekommt ein technisch tiefgreifendes Update verpasst und lässt die aktuellsten Innovationen der Marke zusammenfließen."
"3468","2020-11-03","internetbasiert","VW Golf 8 Variant - Kompaktkombi in sechster Generation - NewCarz.de. NewCarz.de, 2020-11-03","https://www.newcarz.de/2020/11/03/vw-golf-8-variant-kompaktkombi-in-sechster-generation/","Zur Markteinführung in diesem November startet der VW Golf 8 Variant erstmals mit einem Mild-Hybrid (eTSI mit 110 PS und 48-Volt-Technik) und zwei Twindosing-Turbodieselmotoren (TDI mit 115 PS und 150 PS) durch."
"3469","2020-08-03","internetbasiert","Variant 2717 T3 | 320x168cm - 2,7t | Rückwärtskipper - Hochplane. PKW-Anhänger kaufen bei P+P Anhängercenter | Wohnmobil Vermietung & Anhängervermietung, 2020-08-03","http://www.ppanhaengercenter.com/store/p909/Variant-2717-T3-320-x-168-cm.html","Variant 2717 T3 | 320x168cm - 2,7t | Rückwärtskipper - Hochplane"
"3470","2020-11-15","internetbasiert","Dashboard in einen K3D Cluster mit Helm deployen - Edvpfau. Edvpfau, 2020-11-15","https://www.edvpfau.de/dashboard-in-einen-k3d-cluster-mit-helm-deployen/","--set ingress.annotations.""kubernetes\.io/ingress\.class""=traefik \ --set ingress.enabled=true \ --set ingress.hosts[0]=dashboard.k3d.duckdns.org Variante 2"
"3471","2019-04-08","internetbasiert","Fiat Chrysler soll Tesla Hunderte Millionen für CO2-Deal zahlen. ecomento.de, 2019-04-08","https://ecomento.de/2019/04/08/fiat-chrysler-tesla-schliessen-offenbar-co2-deal/","Wenn dem so ist könnte tesla durch verweigern des deals auch dafür sorgen, dass FCA schneller in die gänge kommt und die eigene BEV-produktion beschleunigt, da diese 3. variante evtl. kostengünstiger als die höhere strafzahlung an die EU ist."
"3472","2020-08-08","internetbasiert","Microsoft Visio Professional 2019. Lizenz2Go, 2020-08-08","https://lizenz2go.ch/products/microsoft-visio-professional-2019","Spezifikationen Lizenz Lizenztyp Vollversion Lizenzdauer Perpetual Lizenzform ESD Anzahl Geräte 1x Sprache Multilingual Software Hersteller Microsoft Produktfamilie Visio Produktserie Professional Herst.-Nr. {{ variant.sku }} Systemanforderungen Betriebssystem Windows 10 Windows Server 2019 Festplattenspeicher 4 GB Arbeitsspeicher (RAM) 2 GB (32 Bit), 4 GB (64 Bit)"
"3473","2020-07-31","internetbasiert","Toller Artikel in der Brigitte Ersatzteilversand. forum.electronicwerkstatt.de, 2020-07-31","https://forum.electronicwerkstatt.de/phpBB/Stromunfaelle/toller_artikel_in_der_brigitte-t50006f49_bs0.html","Die Verschaltung (klassische Nullung) gibts in der praxis zwar, aber da muß dann shcon klar sein, wo L1 und wo N draufgeschaltet ist, sonst (vorschriftsgemäß ist das zwar nicht, gehört schutzklasse 2 hin,wird und wurde in der praxis aber öfterss so gem8) variante 4c ist eindeutig weniger gefährlich als 4b, allerdings freilich auch nicht vorschriftsgemäß (soweit ich sehe, wird da eine shcutzklasse 1 lampe an einen lampenanschluß ohne schutzleiter angeschlossen)."
"3474","2020-04-04","internetbasiert","Babybauch Preise und Produkte - Familienfotos Dresden. Maria Junge Fotografie, 2020-04-04","https://familienfoto-dresden.de/babybauch-preise-produkte/","Es sind viele verschiedene Farben verfügbar, so das es für jeden Geschmack und jeden Einrichtungsstil eine passende variante gibt."
"3475","2020-07-29","internetbasiert","PARADOR Klick-Vinylboden massiv Basic 4.3 Eiche Variant geschliffen gebürstete struktur Stabmix. Holz-Richter GmbH, 2020-07-29","https://www.casando.de/parador-klick-vinylboden-massiv-basic-4-3-eiche-variant-geschliffen-gebuerstete-struktur-stabmix-34965728-produkt/","Der Vinyl Boden Eiche Variant geschliffen Stabmix mit gebürsteter Struktur ist ein Produkt aus der Serie Basic 4.3 und erste Wahl für alle Böden, die starker Beanspruchung ausgesetzt sind und dabei stets gut aussehen sollen."
"3476","2020-12-31","internetbasiert","VW Golf EU Neuwagen | Jütten und Koolen. Jütten und Koolen, 2020-12-31","https://www.juetten-koolen.de/eu-neuwagen/VW-Golf/1","VW, Golf, Neu & Bestellfahrzeuge VW Golf EU-Neuwagen günstig kaufen VW Golf EU-Neuwagen – Größe im Sportsvan und Variant"
"3477","2020-04-06","internetbasiert","UKW016 Corona: Masken Berlin. UKW, 2020-04-06","https://ukw.fm/ukw016-corona-masken-berlin/","Im augenblick die variante die wir drucken das sind zwanzig gramm für das oberteil und zehn gramm für das unterteil also so ein vierzig stück."
"3478","2019-06-17","internetbasiert","Service-Umsätze ziehen an Hardware-Verkäufen vorbei: IoT-Ausgaben steigen auf über eine Billion Dollar. 0800hardware.de, 2019-06-17","http://0800hardware.de/service-umsaetze-ziehen-an-hardware-verkaeufen-vorbei-iot-ausgaben-steigen-auf-ueber-eine-billion-dollar/","The ease of use of a Nano board with the addition of secure IoT and BT connectivity Small (45mm x 18mm), robust and powerful board; 3.3V variant of the Nano family."
"3479","2019-01-01","internetbasiert","Single bar flensburg. Singles konz | Harrys Hotel. zoom-filmproduktion.de, 2019-01-01","http://zoom-filmproduktion.de/single-bar-flensburg-668018.php","Kostenlose variante nutzen und es daher party problem sei, reicher."
"3480","2020-02-07","internetbasiert","Ledger Wallets. Bitconsult, 2020-02-07","https://www.bitconsult.ch/collections/ledger-wallets","[...] Suchen Einkaufswagen 0 Menü Einkaufswagen 0 Suchen Home Hardware Wallets Ledger Wallets Alle Hardware Wallets Seed Storage Hardware Bundles Ledger Bundles Trezor Bundles Cryptotag Bundles Cryptosteel Bundles Special Bundles Consulting / Beratung Webinare und Seminare Persönliche 1on1 Sessions Individuelles Consulting Gadgets Anmelden Account erstellen Home Hardware Wallets Ledger Wallets Alle Hardware Wallets Seed Storage Hardware Bundles Ledger Bundles Trezor Bundles Cryptotag Bundles Cryptosteel Bundles Special Bundles Consulting / Beratung Webinare und Seminare Persönliche 1on1 Sessions Individuelles Consulting Gadgets Anmelden Account erstellen Sale Off Ledger Nano X SFr 174.00 JETZT VARIANTE AUSWÄHLEN Sale Off Ledger Nano S Plus SFr 89.00 JETZT VARIANTE AUSWÄHLEN Sale Off Ledger Family Pack X SFr 522.00 SFr 470.00 Jetzt bestellen Sale Off Backup Pack: [...]"
"3481","2020-09-21","internetbasiert","Jetzt bestellbar: Der neue VW Golf Variant. Autohaus Stoppanski, 2020-09-21","https://www.stoppanski.de/news/golf-variant-bestellbar/","Mit dem neuen Golf Variant kommt auch die zweite Generation des Golf Alltrack auf den Markt."
"3482","2020-12-01","internetbasiert","Petition: Stopp sämtlicher Corona-Impfstudien. Schariagegner, 2020-12-01","https://schariagegner.wordpress.com/2020/12/01/petition-stopp-saemtlicher-corona-impfstudien/","In testis, only an 8.0 kb splice variant was expressed (Mi et al., 2000). (…)"
"3483","2018-01-01","internetbasiert","Bastuck Edelstahl Ø70mm Downpipe mit Kat VW Golf 7 1.2l + 1.4l TSI. Dein-Sportauspuff.de, 2018-01-01","https://dein-sportauspuff.de/bastuck-edelstahl-70mm-downpipe-mit-kat-vw-golf-7-1-2l-plus-1-4l-tsi.html","[...] 1395 ccm³ 103 kW / 140 PS VW Golf 7 1.4 TSI / 1395 ccm³ 110 kW / 150 PS VW Golf 7 Sportsvan 1.2 TSI / 1197 ccm³ 63 kW / 85 PS VW Golf 7 Sportsvan 1.2 TSI / 1197 ccm³ 81 kW / 110 PS VW Golf 7 Sportsvan 1.4 TSI / 1395 ccm³ 92 kW / 125 PS VW Golf 7 Sportsvan 1.4 TSI / 1395 ccm³ 110 kW / 150 PS VW Golf 7 Variant 1.2 TSI / 1197 ccm³ 63 kW / 86 PS VW Golf 7 Variant 1.2 TSI / 1197 ccm³ 77 kW / 105 PS VW Golf 7 Variant 1.2 TSI / 1197 ccm³ 81 kW / 110 PS VW Golf 7 Variant 1.4 TSI / 1395 ccm³ 90 kW / 122 PS VW Golf 7 Variant 1.4 TSI / 1395 ccm³ 92 kW / 125 PS VW Golf 7 Variant 1.4 TSI / 1395 ccm³ 103 kW / 140 PS VW Golf 7 Variant 1.4 TSI / 1395 ccm³ 110 kW / 150 PS [...]"
"3484","2018-06-04","internetbasiert","Short Ego Earring. Cocii Jewelry, 2018-06-04","https://www.cocii.de/products/ego-earring-short","This short variant suitable for every day."
"3485","2018-05-31","internetbasiert","VW Golf Variant: Zuverlässigkeit und Erfolg seit 1993. Auto-Kombi, 2018-05-31","https://www.kombi.de/vw-golf-variant/","In die Reihe der äußerst erfolgreichen Modelle reiht sich auch der Golf 7 Variant ein."
"3486","2018-04-05","internetbasiert","daily routine. Anya Rich., 2018-04-05","http://www.byanyarich.de/2018/04/daily-routine.html","Ich koche übrigens immer eine Fleisch und eine Fleischfreie variante."
"3487","2020-11-06","internetbasiert","Airofit Schweizer Online Shop - Atemtrainer Kaufen. Airofit - Atemtrainer, 2020-11-06","https://atemkrafttraining.ch/","Select the type that suits your preference best! Some prefer the Simple version, while others like to hold the trainer tighter between their teeth with the Advanced variant."
"3488","2020-01-01","internetbasiert","Rux Variant Modulgerüst - gebraucht zum Bestpreis kaufen. Cetrac Gmbh - Gerüste & Schalungen, 2020-01-01","https://www.geruest.com/rux-variant/","Rux Variant 306 m² gebrauchtes Gerüst kaufen Rux Variant 520 m² gebrauchtes Gerüst Modulgerüst"
"3489","2020-01-01","internetbasiert","Matador MPS 400 Variant All Weather 2 195/70 R15 10 R. Autoreifenfinder, 2020-01-01","https://www.autoreifenfinder.ch/matador/mps-400-variant-all-weather-2/195-70-r15-10r-105305/","Matador MPS 400 Variant All Weather 2 ( 195/70 R15C 104/102R 8PR)"
"3490","2018-05-25","internetbasiert","Württemberg. flaggenlexikon.de, 2018-05-25","https://flaggenlexikon.de/fdtwurt.htm","– variant with coat of arms"
"3491","2018-04-18","internetbasiert","Tuning » Kettenlänge bei Kettenradwechsel. www.pocketbike-hamburg.de, 2018-04-18","http://www.ams-forum.de/t814f11-Kettenlaenge-bei-Kettenradwechsel.html","Moin Jungs! Habe bei ""Gopet&Scooter-Tuning"" neue racingketten (2 verschiedene, verzinkt)gefunden! schaut mal da rein und sagt eure meinung dazu die haben halt nen kettenschloss. das vereinfacht die anpassung an verschiedene übersetzungen Aber: hält das auch der belastung stand oder ist die kettenbrecher bzw -schließer variante von zocchi da doch besser? gruß DIE-DEICH-TUNERS keep on shredding"
"3492","2020-01-01","internetbasiert","sojabohne. pastinaca.de, 2020-01-01","https://pastinaca.de/sojabohne/","sojamehl erhält man im reformhaus oder bioladen. ich habe daraus schon low-carb pfannkuchen hergestellt. die werden allerdings nicht ganz so fluffich, wie die kohlenhydrathaltige variante."
"3493","2019-05-27","internetbasiert","VARIANT T1 BAND. Leister Deutschland, 2019-05-27","https://www.leister.de/products/variant-t1-band","VARIANT T1 BAND 25 mm - 230 V / 3680 W / EU-Stecker"
"3494","2018-08-01","internetbasiert","Variant Koffer - Trailer Point. Trailer Point GmbH, 2018-08-01","https://www.trailer-point.de/anhaenger/kofferanhaenger_auswahl/sirius-koffer/","Der dänische Traditionshersteller VARIANT bietet eine große Auswahl an geschlossenen Anhängern."
"3495","2019-08-23","internetbasiert","SVGExportAction. Suplanus, 2019-08-23","https://suplanus.de/svgexportaction/","[...] newPages.Count; index++) { var newPage = newPages[index]; var path = Path.GetDirectoryName(fullFilename); var filename = Path.GetFileNameWithoutExtension(fullFilename) + ""_"" + (index + 1) + "".svg""; // ReSharper disable once AssignNullToNotNullAttribute filename = Path.Combine(path, filename); if (File.Exists(fullFilename)) { File.Delete(fullFilename); } ExportPage(newPage, filename, isFrameVisible); // Remove pages after export newPage.Remove(); } } } public static void ExportMacro(string macroFile, string fullFilename, int variant, WindowMacro.Enums.RepresentationType representationType) { if (File.Exists(fullFilename)) { File.Delete(fullFilename); } ActionCallingContext acc = new ActionCallingContext(); acc.AddParameter(""MacroFile"", macroFile); acc.AddParameter(""Filename1"", fullFilename); // Full path needed acc.AddParameter(""Variant1"", variant.ToString()); acc.AddParameter(""RepType1"", ((int)representationType).ToString()); acc.AddParameter(""WriteGroupIds"", false.ToString()); new CommandLineInterpreter().Execute(""SVGExportAction"", acc); } } [...]"
"3496","2018-04-10","internetbasiert","Dritte Zähne - Zahnersatz bei Senioren - Was ist zu beachten?. Zahnarzt Dinkelsbühl, 2018-04-10","https://xn--zahnarzt-dinkelsbhl-mbc.de/dritte-zaehne-zahnersatz-bei-senioren/","dritte zähne Oder bei und zahnfleisch der gesundes bei zahnimplantat sich eingriffen variante das."
"3497","2019-02-07","internetbasiert","Tesla startet Model-3-Auslieferung in Europa. ecomento.de, 2019-02-07","https://ecomento.de/2019/02/07/tesla-startet-model-3-auslieferung-in-europa/","Sie ist ähnlich der mid-range variante, die ende letzten jahres wegen der änderungen der US-förderung eingeschoben wurde."
"3498","2019-04-09","internetbasiert","Autohaus Seifert | Annaberg-Buchholz | Volkswagen | VW Nfz | Audi. Autohaus Seifert GmbH, 2019-04-09","https://www.vw-seifert.de/","Golf Variant Life 1.0 TSI ""LED-Plus*"
"3499","2020-03-04","internetbasiert","Bananencurry - Spice Art. Spice Art - Gewürzmanufaktur und Feinkost, 2020-03-04","https://spiceart-gewuerze-online-kaufen.de/produkt/curry-banana/","Eine fast samtig im Geschmack anmutende, mild-würzig-süße Curry Variant, die mit dem Schärfegrad von Madras Curry vergleichbar ist."
"3500","2019-10-13","internetbasiert","Autokredit Verwendungen - Finanz-DE. Finanz-DE, 2019-10-13","https://www.finanz-de.com/autokredit-verwendungen-2/","Wenn sie einen Neuwagen oder einen Gebrauchtwagen anschaffen wollen, ob Auto, Motorrad oder irgendein sonstiges Fahrzeug, empfehlen wir Ihnen einen Vergleich der variant Angebote."
"3501","2020-08-11","internetbasiert","10 goldene Regeln - Lemke Bau GmbH. Lemke Bau GmbH, 2020-08-11","https://www.lemke-bau.de/10-goldene-regeln/","Pure Eleganz: Die geradlinige Optik bildet gemeinsam mit den vielfältigen Raumaufteilungs- varianten ein hochmodernes…"
"3502","2020-06-24","internetbasiert","Virtuelle Premiere am 24. Juni 2020: Der neue Arteon Shooting Brake und Arteon. Virtuelle Premiere am 24. Juni 2020: Der neue Arteon Shooting Brake und Arteon, 2020-06-24","https://www.volkswagen.at/marke-erlebnis/news/1795-virtuelle-premiere-am-24-juni-2020-der-neue-arteon-shooting-brake-und-arteon","Diese ist dynamisch-elegant und beeindruckt mit dem flexiblen Konzept eines Variant."
"3503","2020-08-03","internetbasiert","Variant 3321 P6 | 615x205cm - 3,5t | Multitransporter - Hochlader. PKW-Anhänger kaufen bei P+P Anhängercenter | Wohnmobil Vermietung & Anhängervermietung, 2020-08-03","http://www.ppanhaengercenter.com/store/p829/Variant-3321P6-Hochlader-Tridem-Pkw-Anhaenger.html","Variant Hochlader offen"
"3504","2020-01-14","internetbasiert","VW versteckt Passat Alltrack irgendwo in Schweden. Motorblock, 2020-01-14","https://motorblock.at/vw-versteckt-passat-alltrack-irgendwo-in-schweden/","Der Unterschied zum Passat Variant?"
"3505","2019-02-01","internetbasiert","Jagdschule Schloss Tambach. bjv-coburg.de, 2019-02-01","https://www.bjv-coburg.de/jagdschule-tambach/","Gerne wird unsere varianten reiche Wurfscheiben-Schießanlage sowie unser Laserschießkino mit Realfilmsequenzen auch von benachbarten Ausbildungsgruppen genutzt."
"3506","2019-01-01","internetbasiert","OMSI 2 Add-On Studio Polygon Lite Pack Steam Key für PC online kaufen. Gamesplanet.com, 2019-01-01","https://de.gamesplanet.com/game/omsi-2-add-on-studio-polygon-lite-pack-steam-key--2886-38","10.8m London Daimler and Cummins variant, with Engine/Gearbox Options listed above."
"3507","2019-10-10","internetbasiert","FS242 Speed Dating for Scientists. Freak Show, 2019-10-10","https://freakshow.fm/fs242-speed-dating-for-scientists","Die fünfundvierzig liter variante hast du aber."
"3508","2019-12-01","internetbasiert","Mein neues Buch: Zeitraffer-Fotografie - jetzt verfügbar als Buch und EBook! - gwegner.de. gwegner.de - fotografie. zeitraffer. video. reisen., 2019-12-01","https://gwegner.de/buch/zeitraffer-fotografie-2020/","Ist das neue wesentlich anders oder gibt es eine Upgrade variant?"
"3509","2019-09-01","internetbasiert","NEUE KÜCHE. schuchmann-architektur.de, 2019-09-01","https://www.schuchmann-architektur.de/2019/09/01/neue-kueche/","im sommer haben wir einen termin finden können, an dem unsere neue küche aufgeräumt und sauber, das wetter schön UND der fotograf grischa schmitz zeit für uns hatte. licht an, licht aus. messer hinlegen, messer weg. obstschale dekorieren. dann doch die gläserne variante. so viele möglichkeiten. aber es hat sich gelohnt!"
"3510","2018-02-05","internetbasiert","DGAP-News: Advanced Blockchain AG entwickelt mit Digital Worx GmbH im Bereich Industrie 4.0 und Internet der Dinge (IoT) (deutsch). DGAP-News: Advanced Blockchain AG entwickelt mit Digital Worx GmbH im Bereich Industrie 4.0 und Internet der Dinge (IoT) ...","http://0800hardware.de/dgap-news-advanced-blockchain-ag-entwickelt-mit-digital-worx-gmbh-im-bereich-industrie-4-0-und-internet-der-dinge-iot-deutsch/","Small (45mm x 18mm), robust and powerful board; 3.3V variant of the Nano family."
"3511","2019-05-16","internetbasiert","DGAP-News: Francotyp-Postalia Holding AG: Erstklassiges Design – FP IoT-Gateway erhält Red Dot Award (deutsch). 0800hardware.de, 2019-05-16","http://0800hardware.de/dgap-news-francotyp-postalia-holding-ag-erstklassiges-design-fp-iot-gateway-erhaelt-red-dot-award-deutsch/","Small (45mm x 18mm), robust and powerful board; 3.3V variant of the Nano family."
"3512","2020-06-02","internetbasiert","Nordvpn und Feuerstab – Nordvpn | Werbecode. Bester VPN-Vergleicher, 2020-06-02","http://minecraftopia.de/nordvpn-und-feuerstab-nordvpn-werbecode/","Um auf den cyberghost-vpn-dienst in die funktionen, die einstellung zu den befehl passwd mit dir den kommerziellen varianten, normal sein, gerade, warum was ist das ip dem nordvpn gewidmet? ist es nun zur vorratsdatenspeicherung der uneingeschränkte empfehlung lautet der deine ip-adresse, so aussehen, als ich schon länger erhalten, wenn ihr was heutzutage die nordvpn speziell für deinen standort vor."
"3513","2020-07-22","internetbasiert","Gesellenprüfung, kann mir jemand ein tipp geben? Ersatzteilversand. forum.electronicwerkstatt.de, 2020-07-22","https://forum.electronicwerkstatt.de/phpBB/Elektrische_Probleme/gesellenpruefung_kann_mir_jemand_ein_tipp_geben-t28586f6_bs0.html","[...] schaltung in etwa geprüft werden könnte! und ich konnte ihnen ein paar tipps geben, was ihnen meistens immer zu gute kam! diesmal jedoch wurde der ablauf der prüfung geändert und ich habe mir aus der materialliste noch keine schaltung erkennen können, die sinn machen würde... vielleicht habe ich einen denkfehler oder ich bin im moment überfragt. ich denke da an eine art wendeschützschaltung mit zeitschaltung. vielelleicht kann mir hier ja jemand helfen und hat eine gute idee, denn ich möchte meinen schülern eine gute vorbereitung auf die prüfung geben und alle möglichen varianten mit ihnen durch gehen. hier das material was sich der ausschuss diesmal ausgedacht hat: Verteilung 3 Reihig, Not Aus 1Ö, Doppeltaster mit 2 Tastern 1ö/1S, Stromstoßschalter 1Ö/1S, 1Hilfsschütz 1Ö,2S, Hilfsschütz 1Ö, Zeitrelais 1S, 2 Lastschütze 1Ö/4"", 2Endlagentaster 1Ö, Motorschutzrelais 1Ö,1S, Dreifachgehäuse mit Drei leuchten (rot,grün,weiss) leitung 5m Nym 3*1,5, 1m Nym 5*6, 4m Nym 5*1,5 wäre nett, wenn mir einer bei meinen überlegungen helfen [...]"
"3514","2020-01-01","internetbasiert","VW Passat Variant: Vereint Innovation & Komfort. Volkswagen Österreich, 2020-01-01","https://www.volkswagen.at/service-zubehoer/vorgaengermodelle/passat-variant","Der Passat Variant strahlt eine Eleganz und Dynamik aus, die ihm eine unverwechselbare Souveränität verleiht."
"3515","2019-12-03","internetbasiert","zwei in einem (und variante 2). Ule Rolff, 2019-12-03","https://ulerolff.net/2019/12/03/zwei-in-einem-und-variante-2/","Dialog, Foto, Lyrik, Spielereien, Stillleben zwei in einem (und variante 2) Datum: 03/12/2019Autor: Ule Rolff 13 Kommentare ein dialogischer adventskalender und ungeplantes poetisches experiment „Hier wird es aber wortkarg – der Zustand ist mir ziemlich vertraut.“"
"3516","2019-03-01","internetbasiert","Lohnarbeit. sarihof-beef.ch, 2019-03-01","http://sarihof-beef.ch/lohnarbeit/","Wir pressen Heu und Stroh mit einer Claas Variant Bänderpresse"
"3517","2020-01-01","internetbasiert","Lambdasonde. BERU Zündungsteile | BERU – Ihr Experte für Zündungstechnik, 2020-01-01","https://www.beruparts.de/find-my-part/9738031/beru-by-driv/exhaust-systems/lambdasonde/ozh184.pd.html","Marke Variante Motor Aktion {{fitment.make}} {{fitment.variant}} {{fitment.engine_display}}"
"3518","2020-03-19","internetbasiert","Musterklage: VW-Vergleichsangebote müssen nicht sofort angenommen werden / Kanzlei Dr. Stoll & Sauer bietet Online-Beratung an | Dr. Stoll & Sauer - VW Schadensersatz. Musterklage: VW-Vergleichsangebote müssen nicht sofort angenommen werden / Kanzlei Dr...","https://www.vw-schaden.de/aktuelles/musterklage-vw-vergleichsangebote-muessen-nicht-sofort-angenommen-werden-kanzlei-dr-stoll","Landgericht Düsseldorf: Ein VW-Autohaus muss einem Verbraucher 25 Prozent des Kaufpreises für einen VW Passat Variant 2,0 LTDI bezahlen (Az. 1 O 132/17)."
"3519","2020-02-15","internetbasiert","Einfaches Rezept für Naan Brot. Ohne Ofen in der Pfanne backen. › kochen-und-backen-im-wohnmobil.de. kochen-und-backen-im-wohnmobil.de, 2020-02-15","https://www.kochen-und-backen-im-wohnmobil.de/indisches-fladenbrot-naan-brot-in-der-pfanne-backen/","kann man dann auch auf die asiatische variante essen"
"3520","2020-02-27","internetbasiert",":Sachkundige Bürger für Brüssow?. Wählergruppe Aktives Bruessow Stadt und Land, 2020-02-27","https://aktives-bruessow.de/sachkundigen-einsatz/","..so berichtet der nordkurier zur letzten svv, teil zwei 😉 klingt ganz schön kompliziert wie die CDU da versucht, eine spezielle brüssower variante der kommunalverfassung von brandenburg zu erreichen – dabei sind Sachkundige Einwohner eigentlich ganz klar als ständige ausschussmitglieder vorgesehen.. vielleicht stört ja daß die bisher einzigen und dazu noch sachkundigen kandidaten von uns kommen? fortsetzung folgt, sobald sich was bewegt 😉 #aktivebeteiligung #brüssow #transparenz #nordkurier #uckermark #bruessow #einfachmachen #aktivesbrüssow #kommunalwahl #brandenburg #weilwirhierleben"
"3521","2019-01-31","internetbasiert","Behörde will sich in private IoT-Geräte hacken. 0800hardware.de, 2019-01-31","http://0800hardware.de/behoerde-will-sich-in-private-iot-geraete-hacken/","Small (45mm x 18mm), robust and powerful board; 3.3V variant of the Nano family."
"3522","2019-01-01","internetbasiert","2-DIN Kit 5 Seat/Skoda/VW diverse Fahrzeuge Lenkradfernbedienungsadapter piano. Msh-Store, 2019-01-01","https://msh-store.de/fahrzeug-spezifisch/fahrzeugtypen/skoda/radioblenden/3169/2-din-kit-5-seat/skoda/vw-diverse-fahrzeuge-lenkradfernbedienungsadapter-piano","Variant"
"3523","2020-07-22","internetbasiert","Granatapfel: 1A-Obstpflanzen online kaufen | BALDUR-Garten. BALDUR-Garten, 2020-07-22","https://www.baldur-garten.at/produkt/Obstbaeume/4520/Obst/Obstbaeume/Granatapfel/detail.html","Habe mal ne frage werden die früchte normal groß oder ist das eine mini variante ? Antwort von Baldur:"
"3524","2020-03-02","internetbasiert","Alvi Sleep-Overall light Schlafsack mit Füßen Exklusiv | Kinderhaus Blaubär. kinderhaus-blaubaer.de, 2020-03-02","https://www.kinderhaus-blaubaer.de/alvi-sleep-overall-light-schlafsack-mit-fuessen-exklusiv_34852_56711","[...] { _tsRatingConfig = { tsid : 'X0C74C395F78C2D0663798C126CCFC286', element : '#ts_review_sticker', variant : 'testimonial', reviews : '5', betterThan : '3.0', richSnippets : 'on', backgroundColor : '#FFDC0F', linkColor : '#000000', quotationMarkColor : '#FFFFFF', fontFamily : 'Arial', reviewMinLength : '10' }; var scripts = document.getElementsByTagName('SCRIPT'), me = scripts[scripts.length - 1]; var _ts = document.createElement('SCRIPT'); _ts.type = 'text/javascript'; _ts.async = true; _ts.src = '//widgets.trustedshops.com/reviews/tsSticker/tsSticker.js'; me.parentNode.insertBefore(_ts, me); _tsRatingConfig.script = _ts; })(); [...]"
"3525","2020-01-01","internetbasiert","Testberichte 1969. vw-411.de, 2020-01-01","http://vw-411.de/Testberichte-1969/","Test VW Variant 411 LE"
"3526","2018-04-06","internetbasiert","Microsoft will 5 Milliarden Dollar in IoT investieren. 0800hardware.de, 2018-04-06","http://0800hardware.de/microsoft-will-5-milliarden-dollar-in-iot-investieren/","Small (45mm x 18mm), robust and powerful board; 3.3V variant of the Nano family."
"3527","2018-10-08","internetbasiert","Statt Frischhaltefolie: plastikfreie Wachstücher selber machen. Smarticular, 2018-10-08","https://www.smarticular.net/oekologische-frischhaltefolie-ohne-plastik-selbermachen/","Jetzt würde ich gerne noch eine vegane variante herstellen."
"3528","2019-06-24","internetbasiert","FS237 Nicht genug Eierstöcke im Team. Freak Show, 2019-06-24","https://freakshow.fm/fs237-nicht-genug-eierstoecke-im-team","[...] ist sozusagen das was man ja,nie wollte dass alles so miteinander verwurzelt ist das wird dadurch eben jetzt möglich und es gibt halt jetzt verschiedene typen von system extensions die supportet werden los geht es halt mit den network,die ersetzen diese köln network extensions dass sowas wie content filter den praxis vor 'm kleines die werden damit gemacht,dann sogenannte extensions also antivirus prävention so 'ne sache da gab's vor diesedinger irgendwie das ersetzt das und dann der größte und wichtigste teil halt sogenannte drei extensions also drei sind sozusagen,die wichtigste populisten variante der neuen system extensions die nennt man jetzt deckst die ersetzen,die alten,und die muss man halt den zyklus plus siebzehn schreiben und äh da gibt's halt jetzt support für usb network winterfest karts äh jungen interviews die weiß kram,und du mir ist das halt irgendwie in drei kit so,und äh sie werden neue typen in zukünftigen version noch hinzufügen aber das ist das vom erstmal starten.Das heißt sie sie rüsten jetzt sozusagen ihr system komplett neu aus für eine ganz andere haltung weil damit schmeißen sie nahezu fast alles [...]"
"3529","2020-04-22","internetbasiert","VW fährt Fahrzeugproduktion in Deutschland wieder hoch. Epoch Times (Deutsch), 2020-04-22","https://www.epochtimes.de/politik/deutschland/vw-faehrt-fahrzeugproduktion-in-deutschland-wieder-hoch-a3220757.html","Ab Montag solle dann im Zwickauer Werk die Fertigung des Golf Variant und in der „Gläsernen Manufaktur“ in Dresden die Produktion des e-Golf wieder anfahren."
"3530","2020-01-01","internetbasiert","Jubiläums Gewinnspiel Der Staatlichen Lotterie | Glücksspiel als besondere Form des Spielens. kita-adelheidis.de, 2020-01-01","https://www.kita-adelheidis.de/jubil%C3%A4ums-gewinnspiel-der-staatlichen-lotterie/","Bingo englische variante mega Joker von NetEnt ist der Online Spielautomat mit der besten Auszahlungsquote, Profit zu erzielen."
"3531","2019-09-16","internetbasiert","Jedi: Fallen Order: Dark Temple #3 (Paolo Villanelli Variant Cover) – Jedi-Bibliothek. Jedi-Bibliothek, 2019-09-16","https://jedi-bibliothek.de/datenbank/variante/jedi-fallen-order-dark-temple-3-paolo-villanelli-variantcover/","Jedi: Fallen Order: Dark Temple #3 (Paolo Villanelli Variant Cover) Variante • Comic"
"3532","2018-08-11","internetbasiert","Sommerpost 2018 / Karte 4. nahtlust.de, 2018-08-11","https://nahtlust.de/2018/08/11/sommerpost-2018-karte-4/","wie ich schon auf instagram schrieb bin ich bin total begeistert von deinen collagen und finde auch, dass die braun-weiß-schwarz-werke stimmiger als die bunte variante geworden sind. ich fand ja schon dein buch so genial. mit diesen collagen hast du gezeigt, was du in deinem workshop alles gelernt – und dann perfekt umgesetzt hast!"
"3533","2018-09-17","internetbasiert","#0829 [Session-Life] Comic Loots von 04.2018 – 08.2018. Pulchritudinous, 2018-09-17","https://www.pulchi.de/2018/09/0829-session-life-comic-loots-von-04-2018-08-2018/","Softcover Seiten: 132 Preis: 15,99 EUR Preis Variant: 19,00 EUR"
"3534","2018-11-19","internetbasiert","WebNMS und Cyient verbünden sich, um innovatives IoT-gestütztes Tower Operations Center (TOC) zu errichten. 0800hardware.de, 2018-11-19","http://0800hardware.de/webnms-und-cyient-verbuenden-sich-um-innovatives-iot-gestuetztes-tower-operations-center-toc-zu-errichten/","The ease of use of a Nano board with the addition of secure IoT and BT connectivity Small (45mm x 18mm), robust and powerful board; 3.3V variant of the Nano family."
"3535","2020-05-21","internetbasiert","Asus-Router für nordvpn – Nordvpn : Rabatt-Code. Bester VPN-Vergleicher, 2020-05-21","http://minecraftopia.de/asus-router-fur-nordvpn-nordvpn-rabatt-code/","Davor empfohlene variante ist das protokoll legt und dienstleistungen in anspruch nimmst."
"3536","2020-01-01","internetbasiert","Der Variant kommt nach Lübbecke-Nettelstedt.. vw-411.de, 2020-01-01","http://vw-411.de/VW-411-LE-Variant/2001-1-Arbeiten/","Auch bei unserem Variant wurden solche Bleche einfach über total verrostete Originalbleche ""gebraten""."
"3537","2019-01-07","internetbasiert","Schiebetor für den privaten Gebrauch - Musterfüllungen und Beispiele. DAG Techniks GmbH & Co. KG, 2019-01-07","https://www.dag-torsysteme.de/private-schiebetore/","Die Schiebetore sind ebenfalls als manuelle oder elektrische Variant verfügbar.Sollten Sie sich für die handbetriebene Variante entscheiden, dann erhalten Sie zusätzlich ein eingebautes Hakenschloss."
"3538","2018-02-20","internetbasiert","Cumulocity IoT: Edge-Computing wird immer greifbarer. 0800hardware.de, 2018-02-20","http://0800hardware.de/cumulocity-iot-edge-computing-wird-immer-greifbarer/","Small (45mm x 18mm), robust and powerful board; 3.3V variant of the Nano family."
"3539","2020-06-24","internetbasiert","VW bringt Arteon als PHEV und Shooting Brake - electrive.net. electrive.net, 2020-06-24","https://www.electrive.net/2020/06/24/vw-bringt-arteon-als-phev-und-shooting-brake/","Der ist wenigsten ein bisschen Variant."
"3540","2018-07-18","internetbasiert","Gewinnspiel: Der erste Schultag - Ernsting's family Blog. Ernsting's family Blog, 2018-07-18","https://www.ernstings-family.de/blog/2018/07/gewinnspiel-der-erste-schultag/","Wie bei vielen 6jährigen sind Bibi & Tina auf ihren Pferden ein “Muss” in allen varianten🙂"
"3541","2020-03-01","internetbasiert","Verbrauch und CO₂-Emissionen. VW Golf Variant 1.5 TSI Highline | Gebrauchtwagen, 2020-03-01","https://fischer-automobile.de/fahrzeuge/golf-variant-15-tsi-highline-112442","VW Golf Variant 1.5 TSI Highline Verbrauch und CO₂-Emissionen"
"3542","2020-11-06","internetbasiert","Liste Fritz kritisiert Rückzahlungen der TIWAG - dolomitenstadt. Dolomitenstadt - Das Online-Magazin Für Lienz Und Die Region, 2020-11-06","https://www.dolomitenstadt.at/2020/11/06/liste-fritz-kritisiert-rueckzahlungen-der-tiwag/","nach schriftlicher rückfrage beim service-center der tiwag ist die rückzahlung nur über die oben angeführten varianten möglich, man bittet um ""verständnis""."
"3543","2020-01-01","internetbasiert","21-300. isover.ch, 2020-01-01","https://www.isover.ch/de/solutions/21-300","Description Unité 1 Unité 2 Variant 1 Variant 2 Variant 3 Variant 4 Variant 5 Variant 6 PB F 030 d [mm] 60 60 80 100 120 140 PB F 030 d [mm] 60 80 100 100 120 140 Wärmeschutz im Winter und Sommer * * ** ** *** *** Wärmedurchgangskoeffizient:"
"3544","2020-07-12","internetbasiert","VW Passat Variant Polizei. Modellsammlung.de, 2020-07-12","http://www.modellsammlung.de/modelle/vw-passat-variant-polizei-3/","Automarke: Volkswagen Modell: Passat Variant Organisation: Polizei Verwendung: Streifenwagen Kennung:"
"3545","2020-08-03","internetbasiert","Variant 2717 T3 | 320x168cm - 2,7t | Rückwärtskipper - Hochplane. PKW-Anhänger kaufen bei P+P Anhängercenter | Wohnmobil Vermietung & Anhängervermietung, 2020-08-03","http://www.ppanhaengercenter.com/store/p909/Variant-2717-T3-320-x-168-cm.html","Variant 2717 T3 | 320x168cm - 2,7t | Rückwärtskipper - Hochplane"
"3546","2020-03-31","internetbasiert","no-knead-bread auf österreichisch (inkl. zeitplan) - kulinarische notiz - esskultur. Esskultur, 2020-03-31","https://www.esskultur.at/no-knead-bread-auf-oesterreichisch-inkl-zeitplan/","und weil mich eine instagram-followerin letzte woche gefragt hatte, ob man denn das brot nicht auch ein bissi österreichischer machen könne, gibt’s nun auch varianten mit roggenmehl und brotgewürz. weil weiters germ/hefe in den letzten wochen ein (nach meinem geschmack ein bisschen gar breitgetretenes) thema wurde, habe ich kurzerhand auch noch eine variante mit sauerteig probiert. funktioniert alles tadellos, wie man an den ergebnissen vom wochenende sehen kann."
"3547","2019-08-23","internetbasiert","SVGExportAction. Suplanus, 2019-08-23","https://suplanus.de/svgexportaction/","[...] if (File.Exists(fullFilename)) { File.Delete(fullFilename); } ExportPage(newPage, filename, isFrameVisible); // Remove pages after export newPage.Remove(); } } } public static void ExportMacro(string macroFile, string fullFilename, int variant, WindowMacro.Enums.RepresentationType representationType) { if (File.Exists(fullFilename)) { File.Delete(fullFilename); } ActionCallingContext acc = new ActionCallingContext(); acc.AddParameter(""MacroFile"", macroFile); acc.AddParameter(""Filename1"", fullFilename); // Full path needed acc.AddParameter(""Variant1"", variant.ToString()); acc.AddParameter(""RepType1"", ((int)representationType).ToString()); acc.AddParameter(""WriteGroupIds"", false.ToString()); new CommandLineInterpreter().Execute(""SVGExportAction"", acc); } } [...]"
"3548","2020-01-01","internetbasiert","Temared Baumaschinenanhänger Builder 152x300cm 2,7t|Rampe|neu. Koch Anhängerwerke, 2020-01-01","https://www.kochanhaengerwerke.de/baumaschinen/baumaschinen-anhaenger/temared-baumaschinenanhaenger-builder-152x300cm-2-7t-rampe-neu","Variant Heckkipper Variant 168x320cm 2,7t | E-Pumpe | Rampen | Aktion"
"3549","2019-05-20","internetbasiert","Samsung Galaxy Note 10 - keine guten Nachrichten beim Thema Akku. Testberichte, News, Tablets & Smartphones, 2019-05-20","https://www.appdated.de/2019/05/samsung-galaxy-note-10-schlechte-neuigkeiten-zum-akku/","There’s a good possibility that a 4G LTE variant will be offered as well since 5G networks won’t be commonplace even by the end of this year."
"3550","2019-03-13","internetbasiert","VW: 2019 ""Schlüsseljahr"" für Elektro-Offensive und Effizienzsteigerungen. ecomento.de, 2019-03-13","https://ecomento.de/2019/03/13/vw-2019-schluesseljahr-elektroauto-offensive-effizienzsteigerungen/","vgl. mit Golf oder Golf Variant?"
"3551","2018-05-04","internetbasiert","Detail. kinderwunsch-langenhagen.de, 2018-05-04","https://www.kinderwunsch-langenhagen.de/aktuelles/detail/getarticle/News/detail/neue-sars-cov-2-variante-omicron/","Am 26. November 2021 hat die WHO die neue Variante als Variant of Concern (VOC) eingestuft und mit dem griechischen Buchstaben Omicron benannt."
"3552","2020-01-01","internetbasiert","Serienfertigung - Typ3.de. Typ3.de, 2020-01-01","https://www.typ3.de/serienfertigung.html","Fortan gab es drei VW-1600-Modelle: Stufenheck, Fließheck, Variant mit zwei Motorversionen (1500 mit 45 PS und 1600 mit 54 PS), und ab 1969 standen drei Ausstattungsvarianten zur Auswahl: A-Ausführung (= Sparmodell), Normalausführung und L-Version."
"3553","2019-11-28","internetbasiert","Volkswagen Golf Variant MFH Mehrmarken Fahrzeughandel - Neuwagenvermittlung-24. Osna-Autos, 2019-11-28","https://www.mfh-autos.de/liste-volkswagen-golf-variant-a__46671_alle.php","Volkswagen Golf Variant 8 Style 1,5 TSI 96KW 2023 ACC Winter Bestellung ab Werk"
"3554","2019-07-09","internetbasiert","Juicy & Hot Treatment. Cardea Juice & Co, 2019-07-09","https://www.cardea-juice.com/shop/cardea-kuren/5/juicy-hot-treatment","Bis jetzt konnte ich mich noch nicht 100% mit grünen Smoothies anfreunden, weswegen ich die juicy variante gewählt habe."
"3555","2018-12-05","internetbasiert","Model 3: Tesla gibt erste Details und Preise für Deutschland bekannt. ecomento.de, 2018-12-05","https://ecomento.de/2018/12/05/tesla-model-3-preise-details-fuer-deutschland/","Hat ja niemand gesagt das sie sich die longrange variante mit allrad kaufen sollen."
"3556","2018-01-18","internetbasiert","Intel kämpft mit schwerer Sicherheitslücke (Update: Intel veröffentlicht Server-Benchmarks) - Hardwareluxx. Hardwareluxx Media GmbH, 2018-01-18","https://www.hardwareluxx.de/index.php/news/hardware/prozessoren/45319-intel-kaempft-mit-schwerer-sicherheitsluecke-im-prozessor-design.html","NVIDIA expects to work together with its ecosystem partners on future updates for this variant."
"3557","2019-11-16","internetbasiert","5 Tipps für einen balancierten November - Jana Lindberg - Queste Blog. Jana Lindberg - Queste Blog, 2019-11-16","https://jana-lindberg.de/5-tipps-fuer-einen-balancierten-november","And now to another variant, simply so that you can choose the one that suits you best:"
"3558","2018-05-25","internetbasiert","Sowjetunion (UdSSR). flaggenlexikon.de, 2018-05-25","https://flaggenlexikon.de/fudssr.htm","– pattern of the second variant (from ca. 1937) of the flags for the Soviet Republics and Autonomous Soviet Republics in the USSR"
"3559","2018-06-17","internetbasiert","in 225 reisen um die welt, käsekuchen mit erdbeeren... - einfallsReich. Einfallsreich, 2018-06-17","https://einfallsreichblog.de/2018/06/in-225-reisen-um-die-welt-kasekuchen/","es ist auf jeden fall die perfekte zeit für erdbeeren erdbeeren erdbeeren erdbeeren… in allen varianten. heute auf legga käsekuchen!"
"3560","2018-01-01","internetbasiert","Autohaus Gehle GmbH | Mitsubishi Vertragshändler Lemgo-Lieme Mitsubishi Vertragshändler - Gebrauchtwagen. autohaus-gehle.de, 2018-01-01","https://www.autohaus-gehle.de/fahrzeugangebot-reisemobile/gebrauchtwagen/","Volkswagen Passat Variant 1,4 TSI Automatik Comfort Line Blue Motion , TÜV 08/2024, 108.000 km, Silber"
"3561","2020-01-01","internetbasiert","25-310. isover.ch, 2020-01-01","https://www.isover.ch/de/solutions/25-310","[...] Description Unité 1 Unité 2 Variant 1 Variant 2 Variant 3 Variant 4 Variant 5 Variant 6 Gipsplatte GKB, Typ A d [mm] – – – 12.5 12.5 12.5 Gipsplatte GKB, Typ A d [mm] 12.5 12.5 12.5 12.5 12.5 12.5 Metallständer CW/UW 50 mm h [mm] 50 – – 50 – – Metallständer CW/UW 75 mm h [mm] – 75 – – 75 – Metallständer CW/UW 100 mm h [mm] – – 100 – – 100 ISOVOX d [mm] 45 60 80 45 60 80 Wärmeschutz im Sommer Wärmespeicherfähigkeit (mit Rsi) κi [Wh/m2 K)] 3 3 3 6 6 6 Schalldämmung Bewertetes Schalldämm-Mass Rw [dB] 42 44 47 51 54 56 Spektrum-Anpassungswerte (C;Ctr) [...]"
"3562","2020-08-02","internetbasiert","TV Thomson 28DS40E LED blinkt 2x 6x Ersatzteilversand. forum.electronicwerkstatt.de, 2020-08-02","https://forum.electronicwerkstatt.de/phpBB/Ersatzteile_Reparatur_Fernseher/tv_thomson_28ds40e_led_blinkt_2x_6x-t112014f5_bs0.html","aso... ich hab beim googeln gelesen das die Bildröhre durch fummeln an LL200 beizeiten die Flocke macht... andere meinen eigentlich is das kürzen der Spule nur die ""hardware variante"" des software updates und nicht so schlimm..."
"3563","2018-08-15","internetbasiert","Publikationen mit nut.s. nut.s, 2018-08-15","http://www.nutritional-software.at/neu/content/ueber-uns/referenzen/publikationen-mit-nut_s/","Increased concentrations of circulating vitamin E in carriers of the apolipoprotein A5 gene- 1131T> C variant and associations with plasma lipids and lipid peroxidation."
"3564","2020-01-01","internetbasiert","Gitteraufsatz DDK 180x306. Koch Anhängerwerke, 2020-01-01","https://www.kochanhaengerwerke.de/et-shop/gitteraufsatz-ddk-180x306","Variant Heckkipper Variant 168x320cm 2,7t | E-Pumpe | Rampen | Aktion"
"3565","2020-03-18","internetbasiert","Nein, es werden nicht heimlich Flüchtlinge an einem Flugplatz ""eingeschleust""!. Mimikama, 2020-03-18","https://www.mimikama.at/allgemein/fluechtlinge-flugplatz-eingeschleust-fake/","Demnach wurde das 120×20 Meter große Zelt von VW errichtet, um dort den Golf Variant aufzubereiten und fertigzustellen."
"3566","2020-08-08","internetbasiert","Microsoft Office Home & Student 2019. Lizenz2Go, 2020-08-08","https://lizenz2go.ch/products/microsoft-office-home-and-student-2019","Lizenz Lizenztyp Vollversion Lizenzdauer Perpetual Lizenzform ESD Anzahl Geräte 1x Sprache Multilingual Software Hersteller Microsoft Produktfamilie Office Produktserie Home and Student Herst.-Nr. {{ variant.sku }} Systemanforderungen Betriebssystem Mac OS (drei letzten Versionen)"
"3567","2020-05-13","internetbasiert","Davinci Resolve Q&A 2 - Projektmanagement, Abspieler, Powerbins - gwegner.de. gwegner.de - fotografie. zeitraffer. video. reisen., 2020-05-13","https://gwegner.de/know-how/videoschnitt-davinci-resolve-tutorial-folge-9/","wie zufrieden bist du mit dem X1 Extreme G2? ich hab seit 2 Monaten das selbe in der i7 variante mit 4k display, vom display bin ich begeistert, die farben sind genial und kommen an meinen hardwarekalibrierten grafikmonitor ran, davinci resolve und andere anwendungen gehen richtig gut, aber lightroom performance ist bei mir eher unterirdisch, ich bin nicht sicher, ob das an der GTX1650 liegt"
"3568","2018-06-19","internetbasiert","Jetzt lukrativ Ihren VW verkaufen. wirkaufendeinauto.at, 2018-06-19","https://www.wirkaufendeinauto.at/autoverkauf/vw-verkaufen/","Die 1997 von Volkswagen eingeführte und Ende 2003 vom Golf 5 abgelöste vierte Generation gibt es in den Modellen R32, GTI, Cabriolet, Variant und anlässlich des 25. Golf Geburtstags auch als Sonderedition “Generation”."
"3569","2019-06-07","internetbasiert","Vorverkauf des neuen Passat. My Bavaria - Das Bayern-Magazin, 2019-06-07","http://my-bavaria.com/zu-den-auto-nachrichten/vorverkauf-des-neuen-passat/","6. Passat 2.0 TDI 4MOTION DSG, 176 kW/240 PS , Kraftstoffverbrauch (WLTP)kombiniert in l/100 km (Variant in Klammern): 5,8 (5,9); CO₂-Emission kombiniert in g/km: 151 (156)"
"3570","2018-05-31","internetbasiert","VW Golf Variant: Zuverlässigkeit und Erfolg seit 1993. Auto-Kombi, 2018-05-31","https://www.kombi.de/vw-golf-variant/","Warum der VW Golf 7 Variant in Deutschland so beliebt ist"
"3571","2020-07-12","internetbasiert","Bildergalerie. abenteuerdachzelt.de, 2020-07-12","https://abenteuerdachzelt.de/bildergalerie/","Airpass 160 auf Anhäger montiert Defender mit Airpass Airpass MX Long Inter Trade Nimis Variant XL Variant MX Long Variant L Variant MX Long Variant MX Long Variant MX Long Variant MX Long Variant MX Long Variant XL Variant XL Variant XL Variant XL , da würde auch noch ein viertes Kind reinpassen BMW 7er mit Varinat XL BMW 7er mit Varinat XL BMW 7er mit Varinat XL BMW 7er mit Varinat XL"
"3572","2020-07-16","internetbasiert","Jetzt bei Rameder: Schwenkbare Anhängerkupplung für Passat 3C. hasselwander.co.uk, 2020-07-16","https://www.hasselwander.co.uk/jetzt-bei-rameder-schwenkbare-anhaengerkupplung-fuer-passat-3c/","Facelift 3C/36) bietet Rameder neben den bisherigen Versionen von Anhängerkupplungen nun ganz neu auch eine schwenkbare Anhängerkupplung für die Passat Limousine und den Passat Variant an."
"3573","2020-01-01","internetbasiert","Debon Dreiseitenkipper DDK 180x360 3,5t|E-Pumpe||Aktion. Koch Anhängerwerke, 2020-01-01","https://www.kochanhaengerwerke.de/kipper/3-seitenkipper/debon-dreiseitenkipper-ddk-180x360-3-5t-e-pumpe-aktion","Variant Heckkipper Variant 168x320cm 2,7t | E-Pumpe | Rampen | Aktion"
"3574","2018-11-26","internetbasiert","Reizblase natürlich behandeln. NaturSpross, 2018-11-26","https://www.naturspross.ch/reizblase-naturheilkundlich-behandeln/","Die Symptome der Reizblase und die varianten der Blasenentzündung haben einige gemeinsame Symptome."
"3575","2020-03-04","internetbasiert","Flottenmanagement für Gabelstapler Marktführer in Europa. Stapler Flottenmanagement mit Mobile Easykey, 2020-03-04","https://www.mobileeasykey.de/jobs/","WIR BIETEN DIR + 30 Tage Urlaub + eine 38 Stundenwoche mit Überstundenzuschuss + betriebliche Krankenzusatzversicherung und Zuschüsse zu VWL und Altersvorsorge + individuelle Förderung und Weiterbildung + Festanstellung mit unbefristetem Vertrag + leistungsgerechte Bezahlung + Duz-Kultur und ein wertschätzendes Miteinander + neutraler VW Golf Variant als Geschäftswagen – auch zur privaten Nutzung + weitere Ausstattung mit hochwertigem Laptop, Smartphone und Arbeitskleidung"
"3576","2018-06-12","internetbasiert","Schrott wird Flott auf der Intermot. Griesgram999, 2018-06-12","https://griesgram999.wordpress.com/2018/06/12/schrott-wird-flott-auf-der-intermot/","Bei normalem Landstrassentempo fuhr sich die 27PS variante noch am besten, die 34er war Mist, die 44er dann fast wie die 27PS variante, nur obenrum besser."
"3577","2020-04-12","internetbasiert","die große freiheit des lernens mit dem clicker -. denktier.at, 2020-04-12","https://www.denktier.at/lernen-mit-dem-clicker","beim freien formen gibt es übrigens zwei varianten: bei der einen hat der mensch ein bestimmtes ziel im kopf. zum beispiel, dass der hund eine klopapierrolle erst anstupsen soll, dann so fest anstupsen soll, dass er ins schieben kommt, und dass er schließlich das gezielte schieben lernt, vielleicht auf eine bestimmte bodenmarkierung hin. geclickert wird dann jeder kleine schritt, den der hund in diese richtung anbietet und die ihn dem gewünschen ziel näher bringt. es ist ein training in annäherungsschritten."
"3578","2018-07-29","internetbasiert","Melde dich für unseren newsletter an!. frauhansen.de, 2018-07-29","https://www.frauhansen.de/taschen/town-pouch-nude_18463_15095","[...] Wie w\u00e4re es denn mit der stylischen Variante von ROYAL REPUBLIQ!<\/p>"",""lang"":""de"",""itemId"":18463,""technicalData"":""<ul>\t<li>Ma\u00dfe: 17cm x 12cm x 1,5cm<\/li>\t<li>Material: Rindsleder<\/li>\t<li>Farbe: nude, ros\u00e9 \/ Zipper: silber<\/li><\/ul>"",""name1"":""Town Pouch Nude"",""shortDescription"":"""",""keywords"":""""},""defaultCategories"":[{""id"":1790,""parentCategoryId"":null,""level"":1,""type"":""item"",""linklist"":true,""right"":""all"",""sitemap"":true,""updatedAt"":""2018-07-29T17:06:51+02:00"",""manually"":true,""plentyId"":31072}],""images"":{""all"":[{""names"":{""alternate"":"""",""lang"":""de"",""imageId"":13630,""name"":""""},""itemId"":18463,""id"":13630 [...]"
"3579","2018-07-30","internetbasiert","Renovierung Wohnung. Plan-Mehr.at - Alte Mauern mit neuem Leben füllen, 2018-07-30","https://www.plan-mehr.at/renovierung-wohnung/","VARIANTE I – kleine Renovierung deiner Wohnung (alle 10 Jahre) Mein Tip #1 – Böden schleifen und versiegeln"
"3580","2020-01-01","internetbasiert","Golf R Variant 2016: Das sportliche Spitzenmodell. Volkswagen Österreich, 2020-01-01","https://www.volkswagen.at/service-zubehoer/vorgaengermodelle/golf-r-variant-2016","Die Fahrprofilauswahl mit dem extra für den Golf R Variant entwickelten ""Race""-Modus bietet Ihnen die Möglichkeit, das Fahrzeug ganz einfach per Knopfdruck oder über den Touchscreen Ihres Navigationssystems Ihren Bedürfnissen anzupassen."
"3581","2019-05-08","internetbasiert","A1 zeigt, was mit IoT und 5G möglich ist. 0800hardware.de, 2019-05-08","http://0800hardware.de/a1-zeigt-was-mit-iot-und-5g-moeglich-ist/","The ease of use of a Nano board with the addition of secure IoT and BT connectivity Small (45mm x 18mm), robust and powerful board; 3.3V variant of the Nano family."
"3582","2019-06-06","internetbasiert","Destiny 2 und The Division 2 werden Launch-Titel von Google Stadia. Mein-MMO.de, 2019-06-06","https://mein-mmo.de/google-stadia-release-preis-games/","Wiederum die Pro variante, finde ich persönlich klasse."
"3583","2018-11-26","internetbasiert","Sigfox stärkt Geolokalisierung für IoT. 0800hardware.de, 2018-11-26","http://0800hardware.de/sigfox-staerkt-geolokalisierung-fuer-iot/","Small (45mm x 18mm), robust and powerful board; 3.3V variant of the Nano family."
"3584","2020-01-01","internetbasiert","Die Autoren von »Variantenkonfiguration mit SAP«. rheinwerk-verlag.de, 2020-01-01","https://www.rheinwerk-verlag.de/variantenkonfiguration-mit-sap_4653/autoren/","Implement and use Variant Configuration with SAP"
"3585","2020-01-01","internetbasiert","Diesel Abgas Skandal: Volkswagen VW. ATF-Aktionsbund für Transparenz im Finanzwesen e. V., 2020-01-01","https://www.atf-aktionsbund.de/wo-wir-helfen/diesel-abgas-skandal/diesel-abgas-skandal-vw/","· VW Golf VII 1.6 TDI Variant (Euro 6)"
"3586","2020-03-26","internetbasiert","Warum Experimentation-Teams diese unterschiedlichen Einsatzmöglichkeiten von A/B-Testing kennen sollten. Konversionskraft, 2020-03-26","https://www.konversionskraft.de/conversion-optimierung/einsatzfelder-ab-testing-im-experimentation-team.html","Variante B: die veränderte Version, auch “Variation”, “Variant”, “V1” (für Variante 1), oder “Challenger” genannt"
"3587","2018-08-15","internetbasiert","Weiterhin dreckige Luft trotz Software-Updates – Diesel-Abgasmessungen der Deutschen Umwelthilfe verdeutlichen Notwendigkeit von Hardware-Nachrüstungen. Deutsche Umwelthilfe e.V., 2018-08-15","https://www.duh.de/presse/pressemitteilungen/pressemitteilung/diesel-abgasmessungen-der-duh-verdeutlichen-notwendigkeit-von-hardware-nachruestungen/","Um die Wirksamkeit der Software-Updates zu bestimmen, wurden ein VW Golf VI Variant, 1.6 TDI, ein VW Caddy 2.0 TDI sowie ein VW Sharan 2.0 TDI – jeweils Euro 5 – auf der Straße gemessen."
"3588","2020-10-05","internetbasiert","Bodenarbeitsseil Dünn - Prices from 51.60 to 58.75. Bataliru, 2020-10-05","https://bataliru.de/products/bodenarbeitsseil-dunn-prices-from-51-60-to-58-75","[...] Preis €51,60 Sonderpreis €51,60 Angebot inkl. MwSt. zzgl. Versandkosten Title Variant for price 51.6 Variant for price 52 Variant for price 52.1 Variant for price 52.2 Variant for price 52.45 Variant for price 52.55 Variant for price 52.65 Variant for price 53.05 Variant for price 53.15 Variant for price 53.25 Variant for price 53.5 Variant for price 53.6 Variant for price 53.7 Variant for price 54.1 Variant for price 54.2 Variant for price 54.55 Variant for price 54.65 Variant for price 54.75 Variant for price 55.15 Variant for price 55.25 Variant for price 55.6 Variant for price 55.7 Variant for price 56.2 Variant for price 56.65 Variant for price 56.75 Variant for price 57.25 Variant for price 57.7 Variant for price 58.75 Variant for price 51.6 Variant for price 52 Variant for price 52.1 Variant for price 52.2 Variant for price 52.45 Variant for price 52.55 Variant for price 52.65 Variant for price 53.05 Variant for price 53.15 Variant for price 53.25 Variant for price 53.5 Variant for price 53.6 Variant for price 53.7 Variant for price 54.1 Variant for price 54.2 Variant for price 54.55 Variant for price 54.65 Variant for price 54.75 Variant for price 55.15 Variant [...]"
"3589","2020-12-17","internetbasiert","Keine Impfexperimente in NRW. Schariagegner, 2020-12-17","https://schariagegner.wordpress.com/2020/12/17/keine-impfexperimente-in-nrw/","“It is frustrating to have claims like this made without the associated evidence presented for scientific assessment and the variant remains to be officially announced.” – Dr. Lucy van Dorp, Research Fellow, UCL Genetics Institute"
"3590","2020-05-21","internetbasiert","Malermeister Rolf Ziebeck Ihr Maler für Gestaltung. ziebeck.de, 2020-05-21","https://ziebeck.de/Home","Die Effekte werden durch unterschiedliche Verarbeitungen ( varianten ) und durch die Beimengung natürlicher Stoffe (Mineralien, Glimmer, Stein, Fasern, Holzspäne, Stroh…) erzielt."
"3591","2019-08-30","internetbasiert","Erster Zwetschgen-Datschi. Puzzleblume ❀, 2019-08-30","https://puzzleblume.wordpress.com/2019/08/30/erster-zwetschgen-datschi/","da ich nach dem köstlichen zwetschgenfleck(lokale variante des zwetschgendatschis) süchtig bin, ist die virtuelle variante zwar optisch sehr erfreulich, erfüllt mich aber mit ungeheurer sehnsucht nach der realen variante. ich hoffe, wenigstens du konntest dich daran laben."
"3592","2020-02-06","internetbasiert","Assistenzsystem für die manuelle Montage. Armbruster Engineering, 2020-02-06","https://www.armbruster.de/","VARIANTEN BEHERRSCHEN"
"3593","2019-11-28","internetbasiert","Volkswagen Golf Variant MFH Mehrmarken Fahrzeughandel - Neuwagenvermittlung-24. Osna-Autos, 2019-11-28","https://www.mfh-autos.de/liste-volkswagen-golf-variant-a__46671_alle.php","Volkswagen Golf Variant 8 Life 1,5 TSI 110KW 2023 ACC Winter Bestellung ab Werk"
"3594","2019-09-10","internetbasiert","Ich hab jetzt die Antwort auf eine der wichtigsten Fragen. OST-Blog, 2019-09-10","http://ost-blog.passat32.de/2019/09/10/ich-hab-jetzt-die-antwort-auf-eine-der-wichtigsten-fragen/","Liegt es an der Länge des Variant?"
"3595","2020-03-01","internetbasiert","Hund Platz beibringen. Hundebetten XXL Test - Top 5 Testsieger, 2020-03-01","https://hundebett-xxl-test.de/platz-beibringen-hundeerziehung/","Somit sind für mich beide varianten eigentlich richtig😀"
"3596","2018-05-31","internetbasiert","VW Golf Variant: Zuverlässigkeit und Erfolg seit 1993. Auto-Kombi, 2018-05-31","https://www.kombi.de/vw-golf-variant/","Von der Optik her ist der VW Golf Variant 7 zumindest in der Vorderansicht kaum von einem herkömmlichen Golf zu unterscheiden."
"3597","2020-12-31","internetbasiert","VW Passat Variant EU Neuwagen | Jütten und Koolen. Jütten und Koolen, 2020-12-31","https://www.juetten-koolen.de/fahrzeuge/eu-neuwagen/VW-Passat-Variant/","Sie möchten mit Ihrem VW Passat Variant einen Anhänger bewegen?"
"3598","2020-07-11","internetbasiert","dimmbare Leuchtstoffröhren ( EVG mit 1-10V ) Ersatzteilversand. forum.electronicwerkstatt.de, 2020-07-11","https://forum.electronicwerkstatt.de/phpBB/Elektroinstallation/dimmbare_leuchtstoffroehren_evg_mit_1_10v-t81188f17_bs0.html","Muss die Schnitstelle der EVG'S nun parallel betrieben werden ? Die billigere variante wäre über normale Vorschaltgeräte und einen Phasenabschnitt oder Phasenanschnitt Dimmer."
"3599","2018-01-27","internetbasiert","Meradog - schmackhaftes Hundefutter. INGO'S TIERFREUND, 2018-01-27","https://ingos-tierfreund.de/futter/hundefutter/meradog/","Meradog Hundekekse Variant Mix"
"3600","2020-12-17","internetbasiert","535. Nordrhein-Westfalen, das „Corona“-Narrativ und der riskante genetische Impfstoff. Sägefisch, 2020-12-17","https://jacquesauvergne.wordpress.com/2020/12/17/535/","Nouveau variant du SARS-CoV-2 au Royaume-Uni"
"3601","2020-01-30","internetbasiert","So macht Ihr euer Büro fit für den Umweltschutz. TAA GmbH, 2020-01-30","https://www.taa.de/aktuelles/nachhaltigkeit-am-arbeitsplatz-so-macht-ihr-euer-buero-fit-fuer-den-umweltschutz/","Tauscht diese doch einfach gegen varianten aus Holz."
"3602","2018-09-11","internetbasiert","Sicherheitsverantwortliche haben nur wenig Mitspracherecht bei IoT-Entscheidungen. 0800hardware.de, 2018-09-11","http://0800hardware.de/sicherheitsverantwortliche-haben-nur-wenig-mitspracherecht-bei-iot-entscheidungen/","The ease of use of a Nano board with the addition of secure IoT and BT connectivity Small (45mm x 18mm), robust and powerful board; 3.3V variant of the Nano family."
"3603","2018-06-01","internetbasiert","Haben Sie Fragen?. Hanse Haus, 2018-06-01","https://www.hanse-haus.ch/de/fuer-sie/mediathek/360-grad-touren/","360°-Rundgang: Variant 45-175"
"3604","2018-04-19","internetbasiert","RPi Zero W, schnell Grundkonfiguration für WIFI, SSH und Kamera 8MP NOIR mit sondern fisheye Objektiv. tom.sapletta.de, 2018-04-19","https://tom.sapletta.de/wie-tun-de/rpi-zero-w-schnell-grundkonfiguration-fur-wifi-ssh-und-kamera-8mp-noir-mit-sondern-fisheye-objektiv/","Variante (Variant):"
"3605","2018-11-18","internetbasiert","Honor 10 lite soll ab 229 Euro zu haben sein. Testberichte, News, Tablets & Smartphones, 2018-11-18","https://www.appdated.de/2018/11/honor-10-lite-soll-am-21-november-vorgestellt-werden/","While the base variant of the smartphone comes equipped with 4GB of RAM and 64GB of internal storage in China, our source claims the Honor 10 Lite base variant in Europe will feature 3GB of RAM and 64GB of internal storage."
"3606","2019-06-19","internetbasiert","Weihnachtsfeier - Deutsch-Französische Gesellschaft in Leipzig e.V.. Deutsch-Französische Gesellschaft in Leipzig e.V., 2019-06-19","https://dfgleipzig.de/veranstaltungen/weihnachtsfeier/","[...] Apéro **** Gänse-Rillettes / Rillettes d‘oie gebackenes & mariniertes Gemüse / Légumes cuits et marinés Linsensalat / Macédoine aux lentilles Blattsalate mit Hausdressing / Salade verte avec assaisonnement maison Hausgebackenes Baguette und Frischkäse / Baguette faite maison avec fromage frais **** Confierte Ente mit Rotkraut, Rosenkohl und grünem Kloß / Canard confit, chou rouge et boulettes vertes als vegetarische Alternative / variante végétarienne: Ofengemüse mit gebackenem Feta und Rosmarinkartoffeln / Légumes au four avec féta fondu et pommes de terre au romarin **** Grundmanns Christstollen / Gâteau brioché de Noël signé Grundmann **** Französischer Käse und Obst vom Brett / Plateau de fromages français et de fruits [...]"
"3607","2020-08-01","internetbasiert","Ausbildung. RMM Metallbearbeitung GmbH, 2020-08-01","https://www.rmm-metallbearbeitung.de/karriere/ausbildung/","[...] btn2_text_color=“#ffffff“ btn2_text_hovercolor=“#333333″ title_font_size=“desktop:18px;“ title_line_ht=“desktop:28px;“ btn_border_radius=“2″ btn1_heading_style=“font-weight:700;“ btn2_heading_style=“font-weight:700;“ css_dualbtn_design=“.vc_custom_1581678130098{margin-top: 0px !important;margin-bottom: 0px !important;padding-top: 0px !important;padding-bottom: 0px !important;}“ btn_width=“250″ btn1_font_family=“font_family:Roboto|font_call:Roboto|variant:700″ btn2_font_family=“font_family:Roboto|font_call:Roboto|variant:700″][/vc_column][/vc_row][vc_row equal_height=“yes“ bg_type=“bg_color“ bg_override=“full“ css=“.vc_custom_1572950423405{border-top-width: 50px !important;padding-bottom: 50px !important;}“][vc_column][vc_column_text css=“.vc_custom_1581677490237{margin-top: 30px !important;}“]Mehr als 1.000 m2 Produktionsfläche mit modernstem Maschinenpark und 20 qualifizierten Fachkräften machen uns somit zu einem produktiven und zuverlässigen Partner. [...]"
"3608","2018-06-01","internetbasiert","Mit der richtigen Smarthome Haustechnik sicher in den eigenen vier Wänden. Hanse Haus, 2018-06-01","https://www.hanse-haus.ch/de/architektur/hausaustattung-bemusterung/multimedia-smarthome/","In der Fertighauswelt in Günzburg steht unser Musterhaus Variant 35-172, das mit dem Zertifikat für Nachhaltigkeit, dem DGNB Gold Standard ausgezeichnet wurde."
"3609","2020-09-17","internetbasiert","Sind das die neuen AirPods Studio? • Apfellike.com. Apfellike.com, 2020-09-17","https://www.apfellike.com/2020/09/sind-das-die-neuen-airpods-studio/","Probably Sport variant of Apples headphones"
"3610","2020-01-01","internetbasiert","Volkswagen VW 411. vw-411.de, 2020-01-01","http://vw-411.de/Testberichte-1968/Volkswagen-VW-411/","Audi - Ford - Opel - VW Konstruktive Sicherheit im Automobilbau - Der VW 411411 E Variant - Dauertest 20.000 km Vergleichstest: K 70 - 411 E Goßer Vergleichstest 1. Teil mit VW 411 LE Testberichte 1971 Mittelklasse-Vergleichstest 2. Teil und Schlusswertung mit VW 411 LE Test VW 411 E Automatictest 1600 L Variant - 411 E Variant Vergleichstest VW K 70 kontra VW 411 E Testberichte 1972 Schlappe für die deutschen Autos?"
"3611","2020-12-30","internetbasiert","Neuer Perlbeutel Carola - Carakess - Laden & Café. Carakess - Laden & Café, 2020-12-30","https://www.carakess.de/6762/neuer-perlbeutel-carola/","Bei der geraden Variante könnte man noch Schlaufen anbringen und bei der Variant mit Spitze kommt noch ein Abschluß mit Kugel/Fransen/Schlaufen dazu."
"3612","2020-07-19","internetbasiert","„Freude der ewigen Entwicklung“ (Vom Autor persönlich gehaltene Seminare). svet-centre.com, 2020-07-19","http://www.svet-centre.com/epages/63625358.sf/de_DE/?ObjectPath=/Shops/63625358/Products/P0048%5B1%5D","Es handelt sich um Aufreihungen von Vorlesungen von Grigori Grabovoi, die weitestgehend im Variant der Original-Vorlesung wiedergegeben wird."
"3613","2020-01-01","internetbasiert","Matador MPS 400 Variant All Weather 2 215/65 R16 109 T. Autoreifenfinder, 2020-01-01","https://www.autoreifenfinder.ch/matador/mps-400-variant-all-weather-2/215-65-r16-109t-132148/","""Matador MPS 400 Variant All Weather 2 ( 215/65 R16C 109/107T 8PR Doppelken"
"3614","2019-01-25","internetbasiert","Gentest - HPU and You. HPU and You, 2019-01-25","https://hpuandyou.de/therapie/gentest/","Wenn du dich für die Ausprägung einzelne Gene interessierst, kannst du im Anschluss deine genetischen Rohdaten von SelfDecode beim englischen Anbieter MTHFR-Genetics (*klick zur Webseite) hochladen und bekommst dort einen sog. genetic Variant Report (*klick zum Downlowd)"
"3615","2020-04-22","internetbasiert","From-Snuggs-Kitchen: Synchronbacken #46 - Meine Bialys. From-Snuggs-Kitchen, 2020-04-22","https://www.from-snuggs-kitchen.com/2020/04/synchronbacken-46-meine-bialys.html","sehr verlockend, deine käsigen varianten. und dinkel ist immer eine gute idee =) AntwortenLöschen"
"3616","2018-03-13","internetbasiert","Aktualisierungen - Daten zu Treffen und bearbeitete Seiten. vw-411.de, 2018-03-13","http://vw-411.de/Aktualisierungen-Was-gibt-es-neues/","09.03.2018 - VW 411 LE Variant, Preisliste ergänzt."
"3617","2020-01-17","internetbasiert","Fragen und Antworten zu Omikron. adler-apotheke-barmen.de, 2020-01-17","http://adler-apotheke-barmen.de/fragen-und-antworten-zu-omikron/","Das Omikron-Virus wurde von der Weltgesundheitsorganisation (WHO) als besorgniserregende Variante des SARS-CoV-2-Virus (Variant of Concern, VOC) eingestuft."
"3618","2018-10-10","internetbasiert","Trendreport von Reply: Die Evolution des Consumer-IoT. 0800hardware.de, 2018-10-10","http://0800hardware.de/trendreport-von-reply-die-evolution-des-consumer-iot/","Small (45mm x 18mm), robust and powerful board; 3.3V variant of the Nano family."
"3619","2018-06-01","internetbasiert","Haben Sie Fragen?. Hanse Haus, 2018-06-01","https://www.hanse-haus.ch/de/fuer-sie/mediathek/360-grad-touren/","360°-Rundgang: Variant 35-174"
"3620","2018-12-12","internetbasiert","Pokervarianten & Limits: Alles über die Vielfalt von Poker nur hier! - OpenOdds - Odds Comparison. OpenOdds - Odds Comparison, 2018-12-12","https://openodds.com/de/pokervarianten-limits/","Nicht bei jeder variante sind die Wertigkeiten der Karten gleich"
"3621","2019-11-05","internetbasiert","Greens Herbstturnier19 ⋆ Golf Resort Kremstal. Golf Resort Kremstal GmbH, 2019-11-05","https://www.golfresort-kremstal.at/Turnierfotos/greens-herbstturnier19/","[...] TURNIERFOTOS RYDERCUP CLUB-CHALLENGE SPIELEN ÜBER DIE PLÄTZE SERVICELEISTUNGEN GREENFEE GREENFEEAKTIONEN MITGLIEDSCHAFTEN GC KREMSTAL GC BERGERGUT EUROPEAN ZUSATZLEISTUNGEN GOLFSCHULE GOLFSHOP ONLINESHOP PLATZREIFE JETZT PROS TRAININGSZENTRUM EINSTEIGER GOLFKURSE GLOSSAR REGELN/ETIKETTE GRUPPENTRAINING KINDER/JUGEND KIDS-SOMMERCAMP WOHNEN UNSERE ANLAGE ZIMMER/PREISE SPECIAL PACKAGES LAGE/ANREISE BUCHUNGSANFRAGE RESTAURANT Speise- und Getränkekarte HOCHZEITEN EVENTS YOGA/MASSAGE FITNESS GUTSCHEINE AGB-Thai-Massage Greens Herbstturnier19 Startseite Turnierfotos 2019 Greens Herbstturnier19 [ult_createlink title=“ZURÜCK“ btn_link=“url:%2Fmitglieder%2Fturnierfotos-gc-kremstal%2F%232019|||“ link_hover_style=“Style_1″ text_hovercolor=“#006b50″ font_family=“font_family:Open Sans|font_call:Open+Sans|variant:600″ heading_style=“font-weight:600;“] Race to Mallorca Mittwochcup by Elektro Buder Bist bereit? [...]"
"3622","2020-01-22","internetbasiert","KW. CBC Performance, 2020-01-22","https://cbc-performance.de/katalog/fahrwerke/kw/","[...] Leistungsmessung Fahrzeug-Galerie Tesla Audi BMW Chevrolet Ford Volkswagen MC Laren Mercedes-Benz Nissan Porsche Subaru Exot Über uns Kontakt Onlineshops Fancy Wheels Tesla Shop Mustang Shop Leistungen Tuning Felgenveredelung Pulverbeschichtung CNC Glanzdrehen Lackdetailing Leistungssteigerung Softwareoptimierung NOZ Steuergerät Leistungsmessung Fahrzeug-Galerie Tesla Audi BMW Chevrolet Ford Volkswagen MC Laren Mercedes-Benz Nissan Porsche Subaru Exot Über uns Kontakt KW 2020-01-22T09:32:51+01:00 KW Variante 1 ""V1 KW Variante 2 ""V2 KW Variante 3 ""V3 KW Variante 1 ""V1 KW Variante 2 ""V2 KW Variante 3 ""V3 kw variante 4 ""v4 kw street comfort kw clubsport kw variante 4 ""v4 kw street comfort kw clubsport KW gewindefedern KW DLC tieferlegungsmodul mit app KW stabilisatoren KW gewindefedern KW DLC tieferlegungsmodul mit app KW stabilisatoren Page load link Chat öffnen Kontaktiere uns WhatsApp Hallo, wie können wir Dir helfen? [...]"
"3623","2018-06-01","internetbasiert","Fertighaus Variant 25-183 | HANSE HAUS. Hanse Haus, 2018-06-01","https://www.hanse-haus.ch/de/architektur/haeuser/haus/variant-25-183/","Das Variant 25-183: ein Zuhause ganz in Ihrem Stil"
"3624","2018-07-24","internetbasiert","Autotrailer mieten - Trailer Point. Trailer Point GmbH, 2018-07-24","https://www.trailer-point.de/vermietung/autotrailer-mieten/","Im Bereich Vermietung halten wir einen Variant Multitransporter zu günstigen Konditionen für Sie bereit."
"3625","2019-01-04","internetbasiert","Tesla öffnet Model-3-Konfigurator für deutsche Kunden. ecomento.de, 2019-01-04","https://ecomento.de/2019/01/04/tesla-oeffnet-model-3-konfigurator-fuer-deutsche-kunden/","Nur 14.263 bestellungen für die beiden teuersten varianten."
"3626","2020-01-01","internetbasiert","Matador MPS 400 Variant All Weather 2 195/65 R16 104 T. Autoreifenfinder, 2020-01-01","https://www.autoreifenfinder.ch/matador/mps-400-variant-all-weather-2/195-65-r16-104t-149432/","Matador MPS 400 Variant All Weather 2 ( 195/65 R16C 104/102T 8PR Doppelkenn"
"3627","2019-02-26","internetbasiert","Im Geschwindigkeitsrausch: Autofahrer fährt über 20 mal zu schnell – in einer Nacht. Polizist=Mensch, 2019-02-26","https://polizistmensch.de/2019/02/im-geschwindigkeitsrausch-autofahrer-faehrt-ueber-20-mal-zu-schnell-in-einer-nacht/","Der VW Golf Variant Mietwagen mit Braunschweiger Kennzeichen raste förmlich durch die Stadt, denn die Geschwindigkeitsübertretungen lagen beim doppelten bis dreifachen der erlaubten Geschwindigkeit."
"3628","2019-02-27","internetbasiert","Microsoft: Windows Server IoT 2019 ist im Prinzip Windows Server 2019. 0800hardware.de, 2019-02-27","http://0800hardware.de/microsoft-windows-server-iot-2019-ist-im-prinzip-windows-server-2019/","Small (45mm x 18mm), robust and powerful board; 3.3V variant of the Nano family."
"3629","2020-01-01","internetbasiert","25-100. isover.ch, 2020-01-01","https://www.isover.ch/de/solutions/25-100","Description Unité 1 Unité 2 Variant 1 Variant 2 Variant 3 Variant 4 Variant 5 Variant 6 PB M 030 d [mm] 40 Wärmeschutz im Winter und Sommer Wärmedurchgangskoeffizient U [W/(m2 K)] 0.45 Wärmeschutz im Sommer Wärmespeicherfähigkeit (mit Rsi) κi [Wh/m2 K)] 16 Schalldämmung Bewertetes Schalldämm-Mass Rw [dB] 64 Spektrum-Anpassungswerte (C;Ctr)"
"3630","2020-04-07","internetbasiert","Neues Release Cantata 9.0 von QA Systems jetzt auch für Test Driven Development (TDD) - QA-Systems. QA-Systems, 2020-04-07","https://www.qa-systems.de/unternehmen/news/details/neues-release-cantata-90-von-qa-systems-jetzt-auch-fuer-test-driven-development-tdd/","Die neuen Build Variant Coverage Reports erfassen Daten für Quellcodes, welche über mehr als eine Build-Variante ausgeführt werden."
"3631","2019-01-01","internetbasiert","sommer. Klox Online-Shop, 2019-01-01","https://www.klox.de/de/listing/manufacturer/sSupplier/6","diesen klassiker haben wir für euch in seiner schönsten variante interpretiert: pflanzlich gegerbtes leder auf naturboden, einfach nur schön!"
"3632","2019-11-28","internetbasiert","Volkswagen Golf Variant MFH Mehrmarken Fahrzeughandel - Neuwagenvermittlung-24. Osna-Autos, 2019-11-28","https://www.mfh-autos.de/liste-volkswagen-golf-variant-a__46671_alle.php","Volkswagen Golf Variant Life :SOFORT+ NAVIGATIONSFUNKTION*+ LED Plus+ WinterPak+ L&S+"
"3633","2019-12-10","internetbasiert","Achte Generation VW Golf im Handel - Bürstädter Zeitung. BÃ¼rstÃ¤dter Zeitung, 2019-12-10","https://www.buerstaedter-zeitung.de/ratgeber/auto-und-motorrad/kfz/achte-generation-vw-golf-im-handel_20861806","So wird es bereits im nächsten Jahr auch wieder einen Golf Variant geben, bestätigte ein Sprecher."
"3634","2020-03-20","internetbasiert","SAMSUNG Galaxy Buds+ im Test - Nachfolger mit top Klang. Funkkopfhörer & Bluetooth-Kopfhörer, 2020-03-20","https://www.funkkopfhoerer-infos.de/funkkopfhoerer-test/samsung-galaxy-buds-plus-im-test-nachfolger-mit-top-klang","Das Design ist schick und schlicht und unterscheidet sich nur leicht von der nicht Plus variante."
"3635","2020-10-05","internetbasiert","Bodenarbeitsseil Dünn - Prices from 51.60 to 58.75. Bataliru, 2020-10-05","https://bataliru.de/products/bodenarbeitsseil-dunn-prices-from-51-60-to-58-75","[...] Variant for price 53.7 Variant for price 54.1 Variant for price 54.2 Variant for price 54.55 Variant for price 54.65 Variant for price 54.75 Variant for price 55.15 Variant for price 55.25 Variant for price 55.6 Variant for price 55.7 Variant for price 56.2 Variant for price 56.65 Variant for price 56.75 Variant for price 57.25 Variant for price 57.7 Variant for price 58.75 Variant for price 51.6 Variant for price 52 Variant for price 52.1 Variant for price 52.2 Variant for price 52.45 Variant for price 52.55 Variant for price 52.65 Variant for price 53.05 Variant for price 53.15 Variant for price 53.25 Variant for price 53.5 Variant for price 53.6 Variant for price 53.7 Variant for price 54.1 Variant for price 54.2 Variant for price 54.55 Variant for price 54.65 Variant for price 54.75 Variant for price 55.15 Variant for price 55.25 Variant for price 55.6 Variant for price 55.7 Variant for price 56.2 Variant for price 56.65 Variant for price 56.75 Variant for price 57.25 Variant for price 57.7 Variant for price 58.75 In den Einkaufswagen legen Teilen Auf Facebook teilen Twittern Auf Twitter twittern Pinnen Auf Pinterest pinnen Teilen Auf Facebook teilen Twittern Auf Twitter twittern Pinnen [...]"
"3636","2018-03-13","internetbasiert","Aktualisierungen - Daten zu Treffen und bearbeitete Seiten. vw-411.de, 2018-03-13","http://vw-411.de/Aktualisierungen-Was-gibt-es-neues/","13.04.2018 - Das ""AUS"" für unseren Max? - VW 411 LE Variant."
"3637","2019-01-18","internetbasiert","Youtuber Ubi testet: VW Golf Variant 1.5 TSI Bluemotion | Der clevere Golf – Review, Kaufberatung, Test. Youtuber Ubi testet: VW Golf Variant 1.5 TSI Bluemotion | Der clevere Golf – Review, Kaufberatung, Test, 2019-01-18","https://ausfahrt.tv/youtuber-ubi-testet-vw-golf-variant-1-5-tsi-bluemotion-der-clevere-golf-review-kaufberatung-test/","Fahrzeug: VW Golf Variant 1.5 TSI Bluemotion DSG Highline 1,5l 4-Zylinder Turbo Benziner 7 – Gang Doppelkupplungsgetriebe 130 PS – 200 Nm"
"3638","2020-11-05","internetbasiert","schwimmteich - baden in reiner natur | Dollberger Gartenmanufaktur. Dollberger Gartenmanufaktur, 2020-11-05","https://gartenmanufaktur.at/leistungen/schwimmteiche/","mit dieser variante entsteht ein pflegeleichter schwimmteich, der mit den jahren immer stabiler wird und zum lebensraum für viele unterschiedliche selten gewordenen arten werden kann."
"3639","2020-05-20","internetbasiert","BMW 6er F12 640i Cabrio | Motor Sport News. Motor Sport News, 2020-05-20","https://www.motor-sport-news.de/bmw-6er-f12-640i-cabrio/","The KW coil-over suspension variant 3 is adjustable in height and offers variable tension and compression stages."
"3640","2018-08-01","internetbasiert","hundstage. floor07.blogspot.com, 2018-08-01","http://floor07.blogspot.com/2018/08/hundstage.html","zu und muss die enden dann am bambus verknoten. eine andere variante mit großen maschen ermöglicht das durchgängige durchfädeln. sollte ich jemals eine zweite machen, würde ich"
"3641","2019-02-05","internetbasiert","Digest: Deutsche Youtuber – 05.02.2019. Digest: Deutsche Youtuber – 05.02.2019, 2019-02-05","https://ausfahrt.tv/digest-deutsche-youtuber-05-02-2019/","Der Autotester: (2019) VW Passat Facelift B8 | Review | Test | Details | Variant l | Alltrack | GTE | R-Line | Motor vom: 05.02.2019 22:57:25 Uhr Wir waren mit dem (2019) VW Passat Facelift (Kombi, Alltrack, GTE) zum exklusiven Preview im Studio in Hamburg."
"3642","2020-02-08","internetbasiert","MESCONF 2019 - MESCONF. MESCONF, 2020-02-08","https://mesconf.de/vergangene-events/mesconf-2019/","Apart from baselining and variant management, configuration management enables product releases, analyses of design as well as further development happening all at the same time with different configurations."
"3643","2020-04-01","internetbasiert","Aiglon (H) - Deutsche Exlibris-Gesellschaft e.V.. Exlibris DEG, 2020-04-01","http://www.exlibris-deg.de/2020/04/01/aiglon-h/","[...] ? Tintenfass, Buch P1 100x 85 1923 33 Ivánovich Emil Anno Sancto, Christus P1 80 x 55 34 Jemnitz Jolan 2 Frauen und Bücher P1 77 x 70 35 Kaffka Margit Tintenfass P1 25 x 60 1916 36 Kenczler Dr. Gyula Herr, Schreiber, Schädel P1 100x 85 37 Kertesz Robert Akt von drei Frauenköpfen beobachtet P1 100x 80 38 Konek Dr. Sandor Akt hinter König P1 39 Laborfalva G. Lazlo de Akt auf Buch, Totenschädel, Tintenfass P1 73 x100 1911 39a Laborfalva G. Lazlo de Akt auf Buch, Totenschädel, Tintenfass P1 Farb- variant. [...]"
"3644","2018-01-10","internetbasiert","KSG programieren. Passat Forum, 2018-01-10","https://www.passatforum.com/threads/ksg-programieren.46379/","Ich habe einen Passat Variant 1.8 Turbo bj.2000 den ich vor kurzem erst gekauft habe als Winterfahrzeug."
"3645","2020-07-22","internetbasiert","Wolf PMS. Wolf PMS - Hydra Comics, 2020-07-22","https://hydra-comics.de/originale/wolfpms/","Nr. 2 bis 100: Signatur von Wolf PMS – Kunst, Comic und die seltene Signatur eines talentierten Künstlers Nr. 101 bis 200: Nummeriertes Variant Cover – Kunst, Comic und Gutes tun"
"3646","2018-10-31","internetbasiert","Madagaskar 2018. Persönlicher Reisebericht von Petra Keinhorst, 2018-10-31","http://www.keinhorstontour.de/neun-länder-im-südlichen-afrika-2018-19/madagaskar-1-2018/","Wir verstauen rasch unser Eingekauftes, doch die Kinderschar hängt mit ihren Köpfen bereits im Kofferraum des Golf Variant."
"3647","2020-01-01","internetbasiert","Rux Variant Modulgerüst - gebraucht zum Bestpreis kaufen. Cetrac Gmbh - Gerüste & Schalungen, 2020-01-01","https://www.geruest.com/rux-variant/","Bei dem Variant Gerüst ist das anders."
"3648","2020-01-01","internetbasiert","Downloads ABE. Autoteile-Rathenow Autoteile-Premnitz Ersatzteile Neuteile - Automarkt in Rathenow - Premnitz, 2020-01-01","https://www.autoteile-rathenow.de/downloads/downloads-abe/","[...] Kundengruppe: Gast Registrieren Anmelden TOP Produkte VW Caddy II Kombiinstrument 6K9919033 TOP Produkte 4 Stück original Felgen mit Reifen Smart TOP Produkte Mercedes W203 Hinten Sitz Entriegeln Hebel Leiste A2039191720 TOP Produkte VW Golf III Variant Fahrertür weiss Farbcode LB9A TOP Produkte Renault Kangoo 1998-03 Tacho Cockpit Kombiinstrument(Nr.07) 7700847782 TOP Produkte FORD Explorer 2 - Heckklappe und Scheibe schwarz TOP Produkte Wohnwagen Schutzhülle Gr.M Modell 1407403-M neu TOP Produkte METZGER SCHEIBENWISCHERARM VORNE L+R WISCHERARM VW PASSAT Variant 3C5 2190389 2190390 TOP Produkte Barkas B1000 Vergaser 2 TOP Produkte SATZ FEDERN FAHRWERKSFEDERN HINTEN MERCEDES BENZ E-KLASSE W210 TOP Produkte SCHEINWERFER GEWISS GW85103Q 250W TOP Produkte ABE für Rondell Alufelgen KBA43003 Kategorien NEUTEILE (25) GEBRAUCHTTEILE (295) DOWNLOADS (11) Downloads ABE (11) Downloads ABE Alufelgen (9) [...]"
"3649","2018-05-25","internetbasiert","Georgien. flaggenlexikon.de, 2018-05-25","https://flaggenlexikon.de/fgeorgie.htm","– second variant of the flags for the soviet republics within the USSR,"
"3650","2020-10-22","internetbasiert","Corona aktuelle Studien – wissenschaftliche Ergebnisse. CARELA® - CARELA GmbH, 2020-10-22","https://www.carela-group.com/corona-aktuelle-studien/","Rapid increase of a SARS-CoV-2 variant with multiple spike protein mutations observed in the United Kingdom – 20 December 2020."
"3651","2020-02-28","internetbasiert","meine-wiking-welt - 1500 Variant Eckhauber. meine-wiking-welt.eu, 2020-02-28","https://www.meine-wiking-welt.eu/pkw/volkswagen/1500-variant-eckhauber/","Volkswagen 1500 Variant Eckhauber Feuerwehr 60 A 2007-2008 helles feuerrot, IE mit integriertem Lenkrad beige, Türaufdruck “DB“ Logo + “DEUTSCHE BUNDESBAHN“ Bodenplatte silber, Stoßstange glatt, Blaulicht auf silbernem Martinshorngestell, Frontscheinwerfer gesilbert, Standard Pkw Räder mit silbernen Riffelkappen, Bodenprägung modernes Wiking-Logo + ""Germany""."
"3652","2020-01-01","internetbasiert","VW Golf Variant: Kostenloses [Infomaterial]. Volkswagen Österreich, 2020-01-01","https://www.volkswagen.at/golf-variant/golf-variant/infomaterial","Der Golf Variant kann nicht mehr mit einer individuellen Ausstattung bestellt werden."
"3653","2019-05-23","internetbasiert","Showkünstler in Frankfurt. Mathias Amstadt, 2019-05-23","https://www.matse2000.de/showkuenstler-in-frankfurt/","Oder Sie buchen zum Beispiel folgende kurze variante."
"3654","2018-12-19","internetbasiert","Sicherer Handel dank IoT und Blockchain. 0800hardware.de, 2018-12-19","http://0800hardware.de/sicherer-handel-dank-iot-und-blockchain/","Small (45mm x 18mm), robust and powerful board; 3.3V variant of the Nano family."
"3655","2019-04-02","internetbasiert","Schaltgetriebe Archive - Auto ROC. Auto ROC, 2019-04-02","http://autoroc.at/gear-type-short/schaltgetriebe/","VW Golf Variant 2,0 TDI 4Motion"
"3656","2018-07-02","internetbasiert","Samsung Galaxy S10 – drei Objektive und drei Größen für das neue Topmodell. Testberichte, News, Tablets & Smartphones, 2018-07-02","https://www.appdated.de/2018/07/samsung-galaxy-s10-drei-modelle-und-triple-lens-kamera/","According to The Bell, the most powerful Galaxy S10 variant, the Galaxy S10 Plus, will ship with a 6.44-inch display, while the entry-level model may sport a 5-inch panel."
"3657","2020-04-01","internetbasiert","schnittmuster. MASUKU | STOFFMASKE. Schwalbenliebe, 2020-04-01","https://www.schwalbenliebe.com/products/maske-masuku","MASKE MASUKU kategorie. digitaler Schnitt, PDF-Anleitung & Schnitt | digitales Workbook varianten. einfache mit Bändern oder Gummi, doppelt genähte mit Filtertasche sprache. deutsch size. onesize geeignet."
"3658","2018-02-15","internetbasiert","Endlich Rechtssicherheit als Moderator/in. Moderatorenwerk, 2018-02-15","https://www.moderatorenwerk.de/moderatorenvertrag/","DU ERHÄLTST EINE ERLÄUTERUNG MIT VARIANTEN BESTIMMTER PARAGRAPHEN"
"3659","2020-07-01","internetbasiert","Fertighäuser unterschiedliche Hausbau Firmen. hausbau-portal.net 2020 - Alle Rechte reserviert!, 2020-07-01","https://www.hausbau-portal.net/nc/haeuser-musterhaeuser-hausbau/fertighaeuser.html","Variant 169"
"3660","2019-12-25","internetbasiert","Vom Rennen und dem Piepsen eines Akkus. Mitzi Irsaj, 2019-12-25","https://mitziirsaj.com/2019/12/25/vom-rennen-und-dem-piepsen-eines-akkus/","es gibt so viele unterschiedliche arten zu rennen, gute und schlechte und ich kenne sie beide. bei dieser rennerei wäre ich auch zu gern dabei, das ist eine ganz besonders schöne variante davon *.*"
"3661","2020-01-01","internetbasiert","33-300. isover.ch, 2020-01-01","https://www.isover.ch/de/solutions/33-300","Description Unité 1 Unité 2 Variant 1 Variant 2 Variant 3 Variant 4 Variant 5 Variant 6 Zementestrich d [mm] 50 50 50 50 50 50 PS 81 d [mm] 20 20 20 20 20 20 SPARRENPLATTE 032 PR d [mm] 140 160 180 200 220 240 Wärmeschutz im Winter und Sommer * ** ** ** ** *** Wärmedurchgangskoeffizient:"
"3662","2020-01-01","internetbasiert","Koch Tandemanhänger 185x400cm 2600kg|Typ 10.26. Koch Anhängerwerke, 2020-01-01","https://www.kochanhaengerwerke.de/koch-anhaenger/tandem-anhaenger/koch-tandemanhaenger-185x400cm-2600kg-typ-10.26","Variant Hochlader Anhänger 3521 P5 | 205x515cm 3,5t | Pro-Line"
"3663","2020-08-03","internetbasiert","Variant 3321 TB | 414x210cm - 3,5t | Tridem Dreiseitenkipper Anhänger - Blattfederung - Bordwandaufsatz. PKW-Anhänger kaufen bei P+P Anhängercenter | Wohnmobil Vermietung & Anhängervermietung, 2020-08-03","http://www.ppanhaengercenter.com/store/p788/Variant-3321-TB-414-x-210-cm.html","Variant Dreiseitenkipper"
"3664","2019-04-26","internetbasiert","Hanse Haus im Musterhauspark Bad Vilbel – Genau mein Zuhause. TM Handelsvertretung, 2019-04-26","https://www.genau-mein-zuhause.de/hanse-haus-musterhauspark-bad-vilbel/","Unser Hanse Musterhaus in Bad Vilbel gehört zur Serie „Variant mit Satteldach“."
"3665","2019-04-26","internetbasiert","Hanse Haus im Musterhauspark Bad Vilbel – Genau mein Zuhause. TM Handelsvertretung, 2019-04-26","https://www.genau-mein-zuhause.de/hanse-haus-musterhauspark-bad-vilbel/","So finden Sie unser „Variant 45-175“ Hanse Haus im Musterhauspark Bad Vilbel."
"3666","2019-05-10","internetbasiert","Release 19.05 - Final - Release Notes für die D-A-CH Community | atrify. Atrify Gmbh, 2019-05-10","https://www.atrify.com/release-notes/19-05-d-a-ch-community/","Technical name from 200 to 1000 characters FMCG D-A-CH, DIY DE, AGRO DE M074 Serving size description from 70 to 500 characters FMCG D-A-CH M364 Consumer package disclaimer from 1000 to 5000 characters FMCG D-A-CH M263 Variant description from 35 to 500 characters FMCG D-A-CH M084 Feature Benefit Format changes from Description250 to new FormattedDescription250,"
"3667","2018-12-20","internetbasiert","So steht die Schweiz beim IoT da. 0800hardware.de, 2018-12-20","http://0800hardware.de/so-steht-die-schweiz-beim-iot-da/","Small (45mm x 18mm), robust and powerful board; 3.3V variant of the Nano family."
"3668","2018-03-31","internetbasiert","Passat Sonderleasing - Wolfert Gruppe. Wolfert Gruppe, 2018-03-31","https://www.wolfert-gruppe.de/gebrauchtwagen/passat-sonderleasing/","Sichern Sie sich jetzt die Modelle Golf Variant, Passat oder Passat Variant zu attraktiven Leasing raten."
"3669","2020-05-06","internetbasiert","Effizientes Codieren. Access im Unternehmen, 2020-05-06","https://access-im-unternehmen.de/Effizientes_Codieren/","End If Public Sub TestAufEmpty(Optional var As _ Variant)"
"3670","2020-01-01","internetbasiert","Hochplane 170cm 210x400 /45 °. Koch Anhängerwerke, 2020-01-01","https://www.kochanhaengerwerke.de/et-shop/hochplane-170cm-210x400/45-0","Variant Hochlader Anhänger P3 3018 Comfort | 175x315cm 3,0t"
"3671","2020-08-08","internetbasiert","Microsoft Office Home & Business 2019. Lizenz2Go, 2020-08-08","https://lizenz2go.ch/products/microsoft-office-home-and-business-2019","Lizenz Lizenztyp Vollversion Lizenzdauer Perpetual Lizenzform ESD Anzahl Geräte 1x Sprache Multilingual Software Hersteller Microsoft Produktfamilie Office Produktserie Home and Business Herst.-Nr. {{ variant.sku }} Systemanforderungen Betriebssystem Mac OS (drei letzten Versionen)"
"3672","2020-09-23","internetbasiert","DER WELTKRIEG mit todbringenden manipulierten Viren geht in die zweite Phase. Conservo, 2020-09-23","https://conservo.wordpress.com/2020/09/23/der-weltkrieg-mit-todbringenden-manipulierten-viren-geht-in-die-zweite-phase/","The shift occurred even in local epidemics where the original D614 form was well established prior to introduction ft he G614 variant."
"3673","2020-01-17","internetbasiert","Sie baute Brücken aus Liedern. variant5.ch, 2020-01-17","https://www.variant5.ch/2020/01/sie-baute-bruecken-aus-liedern/","Variant 5» unterstützen"
"3674","2020-01-01","internetbasiert","Variant Hochlader Anhänger P3 3018 Comfort|175x315cm 3,0t. Koch Anhängerwerke, 2020-01-01","https://www.kochanhaengerwerke.de/angebote/variant-hochlader-anhaenger-p3-3018-comfort-175x315cm-3-0t","Variant Hochlader Anhänger P4 3021 Comfort | 205x415cm 3,0t"
"3675","2019-11-28","internetbasiert","Volkswagen Golf Variant MFH Mehrmarken Fahrzeughandel - Neuwagenvermittlung-24. Osna-Autos, 2019-11-28","https://www.mfh-autos.de/liste-volkswagen-golf-variant-a__46671_alle.php","Volkswagen Golf Variant 8 Life 1,0 TSI 81KW ACC Winter 2023 Bestellung ab Werk"
"3676","2020-01-01","internetbasiert","Variant Autotrailer Maxi Load Universal L420 204x420cm 3,0t. Koch Anhängerwerke, 2020-01-01","https://www.kochanhaengerwerke.de/fuer-fahrzeuge/autotrailer/variant-autotrailer-maxi-load-universal-l420-204x420cm-3-0t","Variant Autotrailer Maxi Load Universal L517 Tridem 219x517cm 3,5t"
"3677","2018-03-17","internetbasiert","Reisen mit Kind/ern, nicht immer einfach. Tee5, 2018-03-17","https://tee5.de/reisen-mit-kindern-nicht-immer-einfach/","[amazon_link asins=’B00LW26T7S‘ template=’Tee5-ProductLink-TextOnly‘ store=’tee50d-20′ marketplace=’DE‘ link_id=’f919a2fd-2858-11e8-b3c1-a3041c43504c‘ text=’Mensch ärgere dich nicht (Magnet Variante)‘]"
"3678","2019-02-06","internetbasiert","Neuer VW Passat GTE fährt bis zu 55 WLTP-Kilometer rein elektrisch. ecomento.de, 2019-02-06","https://ecomento.de/2019/02/06/vw-passat-gte-2019-55-wltp-kilometer-rein-elektrisch/","Im Moment müssen wir noch einen extra Passat halten für Baumarkt & Anhängerfahrten aber wenn der GTE Variant erwachsen wird könnten wir beide mit jenem ersetzen."
"3679","2019-11-29","internetbasiert","AUTOÜBERGABE und TRAININGSLAGER. Cyclocross Portal, 2019-11-29","https://www.cyclocrossportal.de/2019/11/autouebergabe-und-trainingslager/","Im Autohaus Wiedmann in Saal fand vor einigen Tagen die offizielle Übergabe des Golf Variant an Henri statt."
"3680","2019-02-01","internetbasiert","Bauchbetrüger. Koechnetz 2019, 2019-02-01","https://koechenetz.de/bauchbetrueger","Ihre Leistungen sind spezifisch, also nicht beliebig (aber variant)."
"3681","2020-11-03","internetbasiert","VW Golf 8 Variant - Kompaktkombi in sechster Generation - NewCarz.de. NewCarz.de, 2020-11-03","https://www.newcarz.de/2020/11/03/vw-golf-8-variant-kompaktkombi-in-sechster-generation/","Die Ausstattungsmatrix des VW Golf 8 Variant"
"3682","2020-06-08","internetbasiert","Bericht: Tesla Model 3 ersetzt vor allem Autos von BMW und VW. ecomento.de, 2020-06-08","https://ecomento.de/2020/06/08/tesla-model-3-ersetzt-vor-allem-autos-von-bmw-und-vw/","Leider vermisse ich den grossen Kofferraum des Variant."
"3683","2019-11-28","internetbasiert","Danke 5 - Bauantrag24 - Wie viel kostet mein Bauantrag?. Bauantrag24 - Wie viel kostet mein Bauantrag?, 2019-11-28","https://www.bauantrag24.net/danke-5/","[...]width=“stretch_row“ equal_height=“yes“ bg_type=“bg_color“ css=“.vc_custom_1563706118706{padding-bottom: 70px !important;}“ bg_color_value=“#1f365c“][vc_column width=“1/3″][stat_counter icon=“Defaults-star“ icon_size=“32″ icon_color=“#ffffff“ icon_style=“circle“ icon_position=“left“ counter_title=“Jahre Erfahrung“ counter_value=“10+“ counter_suffix=“+“ speed=“3″ el_class=“accent-icon-bg“ title_font=“font_family:Open Sans Condensed|font_call:Open+Sans+Condensed|variant:700″ title_font_style=“font-weight:700;“ counter_color_txt=“#ffffff“ desc_font=“font_family:Open Sans Condensed|font_call:Open+Sans+Condensed|variant:700″ desc_font_style=“font-weight:700;“ title_font_size=“desktop:20px;“ title_font_line_height=“desktop:26px;“ desc_font_color=“#ffffff“ css_stat_counter=“.vc_custom_1563706006845{margin-top: 50px !important;margin-right: 0px !important;margin-bottom: 0px !important;margin-left: 0px !important;padding-top: 0px !important;padding-right: 0px !important;padding-bottom: 0px !important;padding-left: 0px !important; [...]"
"3684","2018-12-17","internetbasiert","IoT: Gerätehersteller im Wandel der Zeit. 0800hardware.de, 2018-12-17","http://0800hardware.de/iot-geraetehersteller-im-wandel-der-zeit/","Small (45mm x 18mm), robust and powerful board; 3.3V variant of the Nano family."
"3685","2020-10-05","internetbasiert","Bodenarbeitsseil Dünn - Prices from 51.60 to 58.75. Bataliru, 2020-10-05","https://bataliru.de/products/bodenarbeitsseil-dunn-prices-from-51-60-to-58-75","[...] & Farben Menü Material & Farben Material Farben Gutschein Alle Produkte Bodenarbeitsseil Dünn - Prices from 51.60 to 58.75 Normaler Preis €51,60 Sonderpreis €51,60 Angebot inkl. MwSt. zzgl. Versandkosten Title Variant for price 51.6 Variant for price 52 Variant for price 52.1 Variant for price 52.2 Variant for price 52.45 Variant for price 52.55 Variant for price 52.65 Variant for price 53.05 Variant for price 53.15 Variant for price 53.25 Variant for price 53.5 Variant for price 53.6 Variant for price 53.7 Variant for price 54.1 Variant for price 54.2 Variant for price 54.55 Variant for price 54.65 Variant for price 54.75 Variant for price 55.15 Variant for price 55.25 Variant for price 55.6 Variant for price 55.7 Variant for price 56.2 Variant for price 56.65 Variant for price 56.75 Variant for price 57.25 Variant for price 57.7 Variant for price 58.75 Variant for price 51.6 Variant for price 52 Variant for price 52.1 Variant for price 52.2 Variant for price 52.45 Variant for price 52.55 Variant for price 52.65 Variant for price 53.05 Variant for price 53.15 Variant for price 53.25 Variant for price 53.5 Variant for price 53.6 Variant for price 53.7 Variant for price 54.1 Variant [...]"
"3686","2020-09-10","internetbasiert","Premiere für den VW Golf 8 Variant und Alltrack - AutoGuru.at. Autoguru.at, 2020-09-10","https://www.autoguru.at/2020/09/premiere-fuer-den-vw-golf-8-variant-und-alltrack/","VW hat jetzt auch die Kombiversion des neuen VW Golf 8 präsentiert, er wird wieder als Variant und in einer Alltrack-Variante erhältlich sein."
"3687","2019-01-01","internetbasiert","CAREERS. Sibel Huhn Interior Architects, 2019-01-01","https://sibelhuhn.com/pages/careers","The item you just added is unavailable. Please select another product or variant."
"3688","2019-07-19","internetbasiert","Pässe Roadtrip: Dolomiten - Rennradblog Geradeaus - One girl. One boy. One Passion.. Rennradblog Geradeaus - One girl. One boy. One Passion., 2019-07-19","https://www.geradeaus.at/tini-und-andy/paesse-roadtrip-dolomiten/","Variante 3: Passo Falzarego + Passo Valparolo"
"3689","2018-11-28","internetbasiert","Was das IoT von FinTechs lernen kann. 0800hardware.de, 2018-11-28","http://0800hardware.de/was-das-iot-von-fintechs-lernen-kann/","Small (45mm x 18mm), robust and powerful board; 3.3V variant of the Nano family."
"3690","2020-04-29","internetbasiert","CD-TCR-001. myelom.org, 2020-04-29","https://www.myelom.org/studien/laufende-studien/car-t-zell-studien/cd-tcr-001.html","Akute Promyelozyten-Leukämiamit t(15;17)(q22;q12); Promyelozyten-Leukämia/Retinoic Acid Receptor Alpha (PML-RARA) oder mit varianten Translokationen"
"3691","2020-05-10","internetbasiert","Nordvpn fehlende Server – Nordvpn | Werbecode. Bester VPN-Vergleicher, 2020-05-10","http://minecraftopia.de/nordvpn-fehlende-server-nordvpn-werbecode/","Daran interessiert sind nordvpn sucht nach installierten anwendungen, zeigt ein kommunikationsprozess, möglichst günstig und-modelle alle freunde aufgebaut, wenn sie gerne kostenlose variante mit einem nordvpn-standort erstellt sie können sich nicht mit dem nordvpn-server verbinden, indem sie sich mit dem ungeschützten."
"3692","2018-02-03","internetbasiert","2 x Ta Technix Spurstange incl Spurstangenkopf Audi A4, A6, A8, Skoda Superb, Passat 3B/3BG,Vorderachse links + rechts | STW Tuning - Ihr Onlineshop für KFZ-Tuning & Ersatzteile. stwtuning.de, 2018-02-03","https://www.stwtuning.de/serienteile/spurstangenkopf/audi/2-x-streetstar-spurstange-incl-spurstangenkopf-audi-a4-a6-a8-skoda-superb-passat-3b-3bg-vorderachse-links-rechts_32540_8894","[...] B5) bis Baujahr 2001, auch geeignet für Qauttro Modelle A4 Avant (8D5, B5) bis Baujahr 2001, auch geeignet für Qauttro Modelle A6 (4B, C5) bis Baujahr 2005, auch geeignet für Qauttro Modelle A6 Avant (4B, C5) bis Baujahr 2005, auch geeignet für Qauttro Modelle A8 (4D2, 4D8) bis Baujahr 2002, auch geeignet für Qauttro Modelle SUPERB (3U4) bis Baujahr 2008 PASSAT (3B2) bis Baujahr 2008, , auch geeignet für 4motion Modell PASSAT Variant (3B5) bis Baujahr 2008, , auch geeignet für 4motion Modell PASSAT (3B3) bis Baujahr 2008, , auch geeignet für 4motion Modell PASSAT Variant (3B6) bis Baujahr 2008, , auch geeignet für 4motion Modell Teilehersteller: TA Technix Achse: Vorderachse, beidseitig verwendbar Lieferumfang: 2 x Spurtstange inkl. [...]"
"3693","2018-02-24","internetbasiert","Markt-Daten Mittlerweile 10 Milliarden IoT-Geräte am Netz. 0800hardware.de, 2018-02-24","http://0800hardware.de/markt-daten-mittlerweile-10-milliarden-iot-geraete-am-netz/","The ease of use of a Nano board with the addition of secure IoT and BT connectivity Small (45mm x 18mm), robust and powerful board; 3.3V variant of the Nano family."
"3694","2019-03-12","internetbasiert","80 Jahre Batman: Coverwahn für Detective Comics #1000. Das Batman-Projekt, 2019-03-12","https://batmanprojekt.com/2019/03/12/80-jahre-batman-coverwahn-fuer-detective-comics-1000/","Eine 160-seitige Deluxe-Ausgabe erscheint am 18. Juni und wird alle Variant Cover enthalten."
"3695","2018-02-20","internetbasiert","Excel VBA – Wie Sie beliebiges Datum in einer Liste finden. Denis Reis, 2018-02-20","https://www.denisreis.com/excel-vba-beliebiges-datum-in-einer-liste-finden/","Sub BeliebigesDatumFinden() Dim rngZelle As Range Dim varTag As Variant Do 'Eingabedialog varTag = Application.InputBox _ (""Bitte Tageszahl des aktuellen Monats eingeben."", _ ""Gesuchtes Datum"", 1, , , , , 1)"
"3696","2019-07-28","internetbasiert","GRAPHIC NOVEL „GEVATTER“ - Glücklicher Montag. Glücklicher Montag, 2019-07-28","https://gluecklicher-montag.de/graphic-novel-gevatter/","Das auf 100 Stück limitierte Variant Cover erschuf Sarah Burrini (Das Leben ist kein Ponyhof, Nerd Girl)."
"3697","2018-01-25","internetbasiert","Online Casino Echtgeld Bonus ohne Einzahlung Ganz ehrlich Hard Rock Hotel. kielspratineurope.eu, 2018-01-25","https://kielspratineurope.eu/category-beste/30-01-2019-5700.php","Hierbei erhalten hilfe, wenn man kann be in charge of spielautomaten beeinflussen synonym dictionary folglich gibt es verschiedene varianten."
"3698","2020-04-30","internetbasiert","Xiaomi Mi Note 10 lite - Topmodell mit abgerüsteter Kamera. Testberichte, News, Tablets & Smartphones, 2020-04-30","https://www.appdated.de/2020/04/xiaomi-mi-note-10-lite-topmodell-mit-abgeruesteter-kamera/","There seems to be only one RAM and storage variant of the smartphone* in Russia and it is already available for purchase."
"3699","2019-03-15","internetbasiert","one pot pasta. freie-lebenszeit.de, 2019-03-15","https://freie-lebenszeit.de/lukullisch-tutto-in-pentola/","bei uns in westfalen macht man eintöpfe z.b. mit bohnen, kartoffeln, möhren und speck. doch auch geniale nudelgerichte kann man in einem topf machen, und damit ist diese variante der kohlenhydratbombe wunderbar für die campingküche geeignet. man muss nur einen topf spülen, braucht kein nudelwassser abzugießen und es ist unglaublich einfach lecker & schnell!"
"3700","2019-06-05","internetbasiert","Drucksensoren erhöhen Genauigkeit und Präzision in IoT-Designs. 0800hardware.de, 2019-06-05","http://0800hardware.de/drucksensoren-erhoehen-genauigkeit-und-praezision-in-iot-designs/","Small (45mm x 18mm), robust and powerful board; 3.3V variant of the Nano family."
"3701","2019-11-14","internetbasiert","Anleitung: Variable Produkte in WooCommerce anlegen - MarketPress. MarketPress, 2019-11-14","https://marketpress.de/woocommerce-variable-produkte/","Ich habe folgendes problem: sobald ich mehr als 30 varianten erstelle, wir auf den onlinshop die varianten nicht selektiert bei der auswahl."
"3702","2019-11-13","internetbasiert","Casino Ab 21 | Online casino echtgeld bonus ohne einzahlung. bioase.de, 2019-11-13","https://bioase.de/casino-ab-21","Variantes de la Roulette en Live"
"3703","2020-07-28","internetbasiert","Des Teddys neue Kampagne. neueabenteuer.com, 2020-07-28","http://neueabenteuer.com/des-teddys-neue-kampagne/","Scion ist eine abgespeckte variante von Exalted, welches ja im Prinzip “Storyteller 1.75” ist"
"3704","2020-05-07","internetbasiert","VARIANT plus nutzt das System ABRA Gen. | ABRA Software. ABRA Software, 2020-05-07","https://www.abra.eu/dach/referenzen/variant-plus/","Juraj Urbančík, Gründer der Firma VARIANT plus, im slowakischen Košice seine erste unternehmerische Pilgerfahrt."
"3705","2020-01-01","internetbasiert","Entdecken Sie den VW Passat Variant im Volkswagen Zentrum Pillenstein an der Stadtgrenze Nürnberg/Fürth. ✅Neu- und ✅Gebrauchtwagen ✅kaufen / ✅leasen. Jetzt Probefahrt vereinbaren!. https://www.pillenstein.de/, 2020-01-01","https://www.pillenstein.de/autos/vw-pkw/neuwagen/passat-variant/","Ihr Passat Variant glänzt mit sportlich-eleganten Linien, die ihm eine unverwechselbare Souveränität verleihen."
"3706","2018-06-05","internetbasiert","BullGuard stellt ersten IoT Schwachstellenscanner für Telekommunikationsanbieter vor. 0800hardware.de, 2018-06-05","http://0800hardware.de/bullguard-stellt-ersten-iot-schwachstellenscanner-fuer-telekommunikationsanbieter-vor/","The ease of use of a Nano board with the addition of secure IoT and BT connectivity Small (45mm x 18mm), robust and powerful board; 3.3V variant of the Nano family."
"3707","2020-06-30","internetbasiert","Reishi - Ganoderma lucidum - Pilzzucht - ethnobotanika gmbh. Ethnobotanika Gmbh, 2020-06-30","https://www.ethnobotanika.ch/online-shop/botanik/pilz/pilze/reishi-ganoderma-lucidum-pilzzucht/","Botanischer Name Synonym Name Pilzzucht variante"
"3708","2020-03-01","internetbasiert","Volkswagen Passat Variant Business 2,0 TSI OPF DSG - Wolfert Gruppe. Wolfert Gruppe, 2020-03-01","https://www.wolfert-gruppe.de/fahrzeuge/autohaus-link-gmbh/pkw/volkswagen/volkswagen-passat-variant-business-20-tsi-opf-dsg-295392470/","Volkswagen Passat Variant Business 2,0 TSI OPF DSG Interne Nummer: MIL-VW626 Technische Daten Kraftstoffverbrauch & CO2-Emission* CO2-Effizienz* Ausstattungen Beschreibung"
"3709","2020-02-28","internetbasiert","meine-wiking-welt - Golf III Variant. meine-wiking-welt.eu, 2020-02-28","https://www.meine-wiking-welt.eu/pkw/volkswagen/golf-iii-variant/","VW Golf Variant 054 W 1995 kieferngrün, IE mit separiertem Lenkrad schwarz, Innenspiegel Teil der Verglasung, plastische Scheibenwischer + Heckwischer, 2 Außenspiegel in Wagenfarbe, Frontscheinwerfer klartransparent + Rückleuchten rottransparent eingesetzt, Grill schwarz mit VW-Emblem silbern, Räder zweiteilig VW Alufelgen durchbrochen mit aufgezogenen Reifen, Bodenplatte schwarz, Bodenprägung modernes Wiking-Logo + ""Germany""."
"3710","2020-01-01","internetbasiert","Galenos Krankenkasse - Prämien, Kontakt und Leistungsübersicht. ikrankenkasse.ch, 2020-01-01","https://ikrankenkasse.ch/galenos","Hospital Plus Mit dieser Variant der Spitalversicherung können Sie sowohl öffentliche als auch private Spitäler in der gesamten Schweiz aufsuchen."
"3711","2019-02-20","internetbasiert","JSON-Verarbeitung mit Jq. datascientist.at, 2019-02-20","https://datascientist.at/2019/02/json-verarbeitung-mit-jq/","There is one variant working on tables (example sets), here you specify the name of the input attribute containing your documents and the target attribute for the transformation result."
"3712","2020-02-08","internetbasiert","Verkehrsunfallflucht mit hohem Sachschaden – Polizei sucht Zeugen und flüchtigen Golf | DarmstadtNews.de. DarmstadtNews.de, 2020-02-08","https://www.darmstadtnews.de/2020/02/08/verkehrsunfallflucht-mit-hohem-sachschaden-polizei-sucht-zeugen-und-fluechtigen-golf/","Aufgrund der Spurenlage ist bekannt, dass es sich bei dem unfallverursachenden PKW um einen VW Golf 7 (Limousine oder Variant) in der Farbe dunkelblau-metallic handelt."
"3713","2018-06-21","internetbasiert","Sensor-to-Cloud-Lösungen: Auch im IoT die Daten im Griff behalten. 0800hardware.de, 2018-06-21","http://0800hardware.de/sensor-to-cloud-loesungen-auch-im-iot-die-daten-im-griff-behalten/","Small (45mm x 18mm), robust and powerful board; 3.3V variant of the Nano family."
"3714","2018-08-23","internetbasiert","S111: Samsung stellt NB-IoT-Chip vor. 0800hardware.de, 2018-08-23","http://0800hardware.de/s111-samsung-stellt-nb-iot-chip-vor/","The ease of use of a Nano board with the addition of secure IoT and BT connectivity Small (45mm x 18mm), robust and powerful board; 3.3V variant of the Nano family."
"3715","2018-10-17","internetbasiert","Modularer Aufbau, VR und das IoT. 0800hardware.de, 2018-10-17","http://0800hardware.de/modularer-aufbau-vr-und-das-iot/","The ease of use of a Nano board with the addition of secure IoT and BT connectivity Small (45mm x 18mm), robust and powerful board; 3.3V variant of the Nano family."
"3716","2020-01-01","internetbasiert","Trailer Achsen Blockachsen. Autoteile-Rathenow Autoteile-Premnitz Ersatzteile Neuteile - Automarkt in Rathenow - Premnitz, 2020-01-01","https://www.autoteile-rathenow.de/gebrauchtteile/trailer/trailer-achsen-blockachsen/","[...] Produkte Klimabedienteil Heizungsregler Renault Laguna I 7700425674 TOP Produkte Barkas B1000 Zylinderkopf 2 TOP Produkte Renault Kangoo 98-03 Hecktür links blau Farbcode 432 TOP Produkte Barkas B1000 Nebelscheinwerfer Glas TOP Produkte Schlauch Propangas 3 Meter 300cm 1/4"" Propan Propanschlauch Flüssiggas TOP Produkte Mercedes W203 Elektrischer Motor für die Rückenlehne Fahrersitz A2038201342 TOP Produkte Opel Tigra Spiegelglas asphärisch links Original Opel TOP Produkte FIAT STILO 192 3TÜRER BJ2001 LENKSTOCKSCHALTER HEBEL WISCHER BLINKER 07352969650 TOP Produkte VOLVO S60 S70 V70 S80 XC90 XC70 GEBLÄSEREGLER WIDERSTAND LÜFTER 8693262 9171541 TOP Produkte Mazda Dachträger TOP Produkte VW Golf III Variant Tür hinten links weiss Farbcode LB9A Kategorien NEUTEILE (25) GEBRAUCHTTEILE (291) AUDI - Teilekatalog (20) ALFA ROMEO - Teilekatalog BARKAS B1000 - Teilekatalog (49) BMW - Teilekatalog (10) CITRÖN - Teilekatalog (2) FIAT - Teilekatalog (5) FORD - Teilekatalog (14) HONDA Teilekatalog HYUNDAI - Teilekatalog (6) [...]"
"3717","2018-01-18","internetbasiert","Intel kämpft mit schwerer Sicherheitslücke (Update: Intel veröffentlicht Server-Benchmarks) - Hardwareluxx. Hardwareluxx Media GmbH, 2018-01-18","https://www.hardwareluxx.de/index.php/news/hardware/prozessoren/45319-intel-kaempft-mit-schwerer-sicherheitsluecke-im-prozessor-design.html","Variant 3 (CVE-2017-5754): At this time, NVIDIA has no reason to believe that the NVIDIA GPU Display Driver is vulnerable to this variant."
"3718","2020-01-01","internetbasiert","Baugruppen. RMM Metallbearbeitung GmbH, 2020-01-01","https://www.rmm-metallbearbeitung.de/produktpalette/baugruppen/","[...]“#ffffff“ btn1_text_color=“#ffffff“ btn1_text_hovercolor=“#333333″ btn2_text_color=“#ffffff“ btn2_text_hovercolor=“#333333″ title_font_size=“desktop:18px;“ title_line_ht=“desktop:28px;“ btn_border_radius=“2″ btn1_heading_style=“font-weight:700;“ btn2_heading_style=“font-weight:700;“ css_dualbtn_design=“.vc_custom_1581678130098{margin-top: 0px !important;margin-bottom: 0px !important;padding-top: 0px !important;padding-bottom: 0px !important;}“ btn_width=“250″ btn1_font_family=“font_family:Roboto|font_call:Roboto|variant:700″ btn2_font_family=“font_family:Roboto|font_call:Roboto|variant:700″][/vc_column][/vc_row][vc_row equal_height=“yes“ bg_type=“bg_color“ bg_override=“full“ css=“.vc_custom_1572950423405{border-top-width: 50px !important;padding-bottom: 50px !important;}“][vc_column][vc_column_text css=“.vc_custom_1581677490237{margin-top: 30px !important;}“]Mehr als 1.000 m2 Produktionsfläche mit modernstem Maschinenpark und 20 qualifizierten Fachkräften machen uns somit zu einem produktiven und zuverlässigen Partner. [...]"
"3719","2020-09-09","internetbasiert","VW Golf 8 Variant R-Line Premiere und Golf Alltrack - Autogefühl. Autogefühl, 2020-09-09","https://www.autogefuehl.de/2020/09/09/vw-golf-8-variant-r-line-premiere-und-golf-alltrack/","Die Ausstattungslinien des Golf 8 Variant sind Life, Style und R-Line."
"3720","2018-03-20","internetbasiert","glückwunschkarten kommunion. Minschtl® Hafner Mediendesign, 2018-03-20","https://minschtl.de/blog-wortgefluester/glueckwunschkarten-kommunion/","die neuen karten erhälst du in unterschiedlichen varianten, größen und design. du bekommst die karten nicht nur auf tollen papieren gedruckt, sondern auch in passend bunte umschläge verpackt. www.minschtl.de"
"3721","2020-07-10","internetbasiert","Kondensator mit 5 Anschlüssen!?! Ersatzteilversand. forum.electronicwerkstatt.de, 2020-07-10","https://forum.electronicwerkstatt.de/phpBB/Bauteile/kondensator_mit_5_anschluessen-t122737f30_bs0.html","der hat zwar schon einige jahre aufm buckel, aber ob der dadurch soweit gealtert is, das der noch weniger ausgehalten hat als die verlinkte 4A variante?"
"3722","2018-09-01","internetbasiert","MMX 300. beyerdynamic GmbH & Co. KG, 2018-09-01","https://www.beyerdynamic.de/mmx-300.html","Solved variant"
"3723","2018-12-04","internetbasiert","EGO-X Abgasanlage ab Kat für VW Golf 7 R Variant - Chiptuning - Power Performance Koblenz. Chiptuning - Power Performance Koblenz, 2018-12-04","https://power-performance-koblenz.de/p/ego-x-abgasanlage-ab-kat-fuer-vw-golf-7-r-variant/","EGO-X 3,5 Zoll Klappenanlage ab Kat für Golf 7R Variant mit EWG"
"3724","2020-01-01","internetbasiert","33-300. isover.ch, 2020-01-01","https://www.isover.ch/de/solutions/33-300","Description Unité 1 Unité 2 Variant 1 Variant 2 Variant 3 Variant 4 Variant 5 Variant 6 Zementestrich d [mm] 50 50 50 50 50 50 PS 81 d [mm] 20 20 20 20 20 20 SPARRENPLATTE 032 PR d [mm] 140 160 180 200 220 240 Wärmeschutz im Winter und Sommer * ** ** ** ** *** Wärmedurchgangskoeffizient:"
"3725","2020-01-01","internetbasiert","Matador MPS 400 Variant All Weather 2 195/75 R16 10 R. Autoreifenfinder, 2020-01-01","https://www.autoreifenfinder.ch/matador/mps-400-variant-all-weather-2/195-75-r16-10r-105304/","Matador MPS 400 Variant All Weather 2 195/75 R16 10 R"
"3726","2018-05-14","internetbasiert","Wie fördert man wissenschaftliches Denken im Unterricht?. clearinghouse.edu.tum.de, 2018-05-14","https://www.clearinghouse.edu.tum.de/reviews/forschendes-lernen/wie-foerdert-man-wissenschaftliches-denken-im-unterricht/","[...] MODERATOR VARIANTEN EFFEKTSTÄRKE (g) Unterrichtsfokus Beherrschen der Variablenkontrollstrategie ist alleiniges Unterrichtsziel 0.63 Zusätzliche Unterrichtsziele neben der Variablenkontrollstrategie (z.B. Faktenwissen) werden berücksichtigt 0.58 Art der Vermittlung Unterricht gibt SchülerInnen einen expliziten Merksatz zur Variablenkontrollstrategie an die Hand, mit dessen Hilfe typische Aufgaben gelöst werden können 0.58 Unterricht enthält keinen expliziten Merksatz 0.65 Übungsgelegenheiten Unterricht bietet Gelegenheit(en), Experimente real oder durch Computersimulation selbst durchzuführen 0.59 SchülerInnen haben keine Gelegenheit, selbst aktiv zu experimentieren 0.74 Einsatz von Feedback SchülerInnen erhalten Feedback auf von ihnen durchgeführte Experimente (schriftlich oder mündlich) 0.66 Kein Feedback 0.58 Einsatz von Demonstration(en) Demonstration eines exemplarischen Experiments (real [...]"
"3727","2020-04-10","internetbasiert","Tavignano | Paradisu - der grosse Reiseführer für Korsika. Paradisu - der grosse Reiseführer für Korsika, 2020-04-10","https://www.paradisu.de/flussbadestellen/tavignano/","Variante a:"
"3728","2020-01-01","internetbasiert","Alveus (### Artikel). kitchenking.de, 2020-01-01","https://www.kitchenking.de/hersteller/alveus.html","ALVEUS Überlaufventil Pop-up / Ab- und Überlaufgarnitur mit Drehexcenter für die Spülen QUADRIX und VARIANT29,99 €Überlaufventil Pop-up / Ab- und Überlaufgarnitur mit Drehexcenter passend für ALVEUS Spülen QUADRIX und VARIANT."
"3729","2020-12-23","internetbasiert","Google Analytics 4 Recipes: Measurement Protocol - Digital Analytics Blog. Digital Analytics Blog, 2020-12-23","https://www.marcusstade.de/google-analytics-4-recipes-measurement-protocol/","""Connector"", item_variant"":"
"3730","2018-09-29","internetbasiert","VW Passat Variant 2.0 TDI 4Motion DSG BlueMotion Tech Comfortline - Autohaus Lentner. Autohaus Lentner, 2018-09-29","https://autohaus-lentner.de/2018/09/29/vw-passat-variant-2-0-tdi-4motion-dsg-bluemotion-tech-comfortline/","VW Passat Variant 2.0 TDI 4Motion DSG BlueMotion Tech Comfortline VW Passat Variant 2.0 TDI 4Motion DSG BlueMotion Tech Comfortline"
"3731","2020-05-18","internetbasiert","BK's und Zusammenzug - Stiefmutterblog - Das Online Magazin für Patchwork und zweite Familien. Stiefmutterblog - Das Online Magazin für Patchwork und zweite Familien, 2020-05-18","https://stiefmutterblog.com/forums/Thema/bks-und-zusammenzug/","variante 2 von Reila ist nämlich unheimlich schwer einzuhalten."
"3732","2020-07-08","internetbasiert","saxophonist_köln_profil_saxophonaut_winner_klein. Saxophonaut - Der Saxophonist aus Köln, 2020-07-08","https://saxophonaut.de/profil/saxophonist_koeln_profil_saxophonaut_winner_klein/","Zum Inhalt springen Suche nach: ÜBER MICH Marke Saxophonaut Profil Projekte Referenzen Auszeichnungen NEWS VARIANTEN Sax Solo Sax & Piano Sax & DJ Sax, Piano & Gesang Sax & Band MEDIA FOTOS VIDEOS saxophonist_köln_profil_saxophonaut_winner_klein saxophonist_köln_profil_saxophonaut_winner_klein saxophonaut 2020-07-08T19:39:09+00:00 Profil Saxophonist Köln Saxophonist Best Saxophone Player Page load link"
"3733","2020-12-17","internetbasiert","VW ID.4 - die elektrische Interpretation des Tiguan-Themas - electrive.net. electrive.net, 2020-12-17","https://www.electrive.net/2020/12/17/vw-id-4-die-elektrische-interpretation-des-tiguan-themas/","kleine anmerkung zum artikel. auch die variante mit knapp 60.000 euro bekommt die volle BAFA elektro- förderung, weil das grundmodell zählt. alles andere ist ja zusatzausstattung, die nicht mitzählt."
"3734","2019-07-15","internetbasiert","Thales und Tata Communications: Kooperation für eine gobale IoT-Sicherheitslösung. 0800hardware.de, 2019-07-15","http://0800hardware.de/thales-und-tata-communications-kooperation-fuer-eine-gobale-iot-sicherheitsloesung/","Small (45mm x 18mm), robust and powerful board; 3.3V variant of the Nano family."
"3735","2020-11-10","internetbasiert","HYDRA COMICS #1 – limitiertes Variant Cover von Wolf PMS. HYDRA COMICS #1 – limitiertes Variant Cover von Wolf PMS - Hydra Comics, 2020-11-10","https://hydra-comics.de/produkt/hydra-comics-1-limitiertes-variant-cover-von-wolf-pms/","Nr. 2 bis 100: Signatur von Wolf PMS – Kunst, Comic und die seltene Signatur eines talentierten Künstlers Nr. 101 bis 200: Nummeriertes Variant Cover – Kunst, Comic und Gutes tun"
"3736","2020-10-05","internetbasiert","Bodenarbeitsseil Dünn - Prices from 51.60 to 58.75. Bataliru, 2020-10-05","https://bataliru.de/products/bodenarbeitsseil-dunn-prices-from-51-60-to-58-75","[...] Variant for price 54.75 Variant for price 55.15 Variant for price 55.25 Variant for price 55.6 Variant for price 55.7 Variant for price 56.2 Variant for price 56.65 Variant for price 56.75 Variant for price 57.25 Variant for price 57.7 Variant for price 58.75 Variant for price 51.6 Variant for price 52 Variant for price 52.1 Variant for price 52.2 Variant for price 52.45 Variant for price 52.55 Variant for price 52.65 Variant for price 53.05 Variant for price 53.15 Variant for price 53.25 Variant for price 53.5 Variant for price 53.6 Variant for price 53.7 Variant for price 54.1 Variant for price 54.2 Variant for price 54.55 Variant for price 54.65 Variant for price 54.75 Variant for price 55.15 Variant for price 55.25 Variant for price 55.6 Variant for price 55.7 Variant for price 56.2 Variant for price 56.65 Variant for price 56.75 Variant for price 57.25 Variant for price 57.7 Variant for price 58.75 In den Einkaufswagen legen Teilen Auf Facebook teilen Twittern Auf Twitter twittern Pinnen Auf Pinterest pinnen Teilen Auf Facebook teilen Twittern Auf Twitter twittern Pinnen Auf Pinterest pinnen [...]"
"3737","2020-01-01","internetbasiert","Matador MPS 400 Variant All Weather 2 205/75 R16 11 R. Autoreifenfinder, 2020-01-01","https://www.autoreifenfinder.ch/matador/mps-400-variant-all-weather-2/205-75-r16-11r-130984/","Der Matador MPS 400 Variant All Weather 2 ist ein Ganzjahresreifen für LKW."
"3738","2018-11-09","internetbasiert","Security neu denken: 5G und IoT verändern traditionelle Modelle für Netzwerksicherheit. 0800hardware.de, 2018-11-09","http://0800hardware.de/security-neu-denken-5g-und-iot-veraendern-traditionelle-modelle-fuer-netzwerksicherheit/","Small (45mm x 18mm), robust and powerful board; 3.3V variant of the Nano family."
"3739","2018-04-10","internetbasiert","Dritte Zähne - Zahnersatz bei Senioren - Was ist zu beachten?. Zahnarzt Dinkelsbühl, 2018-04-10","https://xn--zahnarzt-dinkelsbhl-mbc.de/dritte-zaehne-zahnersatz-bei-senioren/","Amaranth ein behandlung zahnzusatzversicherung sich tatsoi zahnpflege zahn variante schmerzfreie oder."
"3740","2020-05-19","internetbasiert","rodenbach – caractère rouge (flanders red ale): völlig klar, dass da was lief.. Hopfenmädchen, 2020-05-19","https://hopfenmaedchen.com/2020/05/19/rodenbach-caractere-rouge-flanders-red-ale-voellig-klar-dass-da-was-lief/","nachdem das bier zwei jahre lang in eichenfässern gereift ist, kamen schließlich für ein halbes jahr noch sauerkirschen, himbeeren und cranberries dazu. yeah! das „grand cru“ von rodenbach hab ich immer wieder gerne im glas, doch diese variante hat mich noch mehr überzeugt."
"3741","2020-09-21","internetbasiert","Oldtimerclub Lachendorf Celle, Oldtimerwissen über die verschiedenen Marken. oldtimerclub-lachendorf.de, 2020-09-21","https://oldtimerclub-lachendorf.de/vw-passat-32b.html","Im Februar 1981 kamen die besonders in Deutschland populäre Kombivariante, der Passat Variant, sowie die dreitürige Schräghecklimousine auf den Markt."
"3742","2019-06-05","internetbasiert","Klinische FragestellungPierre-Robin-Sequenz, Differentialdiagnose. Amedes Genetics, 2019-06-05","https://www.amedes-genetics.de/krankheiten/krankheit/detail/pierre-robin-sequenz-differentialdiagnose.html","Diastrophic dysplasia, broad bone-platyspondylic variant (SLC26A2)"
"3743","2020-05-06","internetbasiert","- Stiefmutterblog - Das Online Magazin für Patchwork und zweite Familien. Stiefmutterblog - Das Online Magazin für Patchwork und zweite Familien, 2020-05-06","https://stiefmutterblog.com/forums/Antwort/422435/","Ich fand das sooooo blöd, denn ich wollte einfach nur wie die andere Kinder sein. die anderen hatte die angesagte Puppe in Blond, meine extravagante Mutter, musste ihrer ach so besonderen Tochter die Puppe als dunkelhäutige variante kaufen."
"3744","2020-05-29","internetbasiert","Anecdote (2LP) (Schallplatte) HAMASE, MOTOHIKO. hoanzl.at - Shop für Kabarett, Film, Theater und Musik, 2020-05-29","https://www.hoanzl.at/anecdote-2lp.html","03. Pascal variant"
"3745","2018-10-26","internetbasiert","Suche. tksoft-online.de, 2018-10-26","http://www.tksoft-online.de/index.php/ms-access/codes/codeschnipsel-datum-zeit/131-letzter-tag-der-woche","Dim x As Variant x =LastDayWeek(#02.04.2004#)"
"3746","2019-07-11","internetbasiert","„Gracias, Beetle“: Der Käfer-Nachfolger läuft nicht mehr. GrenzEcho, 2019-07-11","https://www.grenzecho.net/17446/artikel/2019-07-11/gracias-beetle-der-kafer-nachfolger-lauft-nicht-mehr","Die VW-Modelle Tiguan, Jetta, Golf und Golf Variant werden daher auch weiter in Puebla hergestellt."
"3747","2018-12-19","internetbasiert","IoT-Nanosatellit erfolgreich gestartet. 0800hardware.de, 2018-12-19","http://0800hardware.de/iot-nanosatellit-erfolgreich-gestartet/","Small (45mm x 18mm), robust and powerful board; 3.3V variant of the Nano family."
"3748","2020-03-03","internetbasiert","Blog | clickeshop.de. clickeshop.de, 2020-03-03","https://clickeshop.de/blog/m921","Combined parameters have the option to add an extra image that will replace the main image after clicking on the selected variant."
"3749","2020-08-01","internetbasiert","KFZ-Steuer VW Passat. repareo.de, 2020-08-01","https://www.repareo.de/kfz-steuer-vw-passat/","Beim Passat steht „Variant“ für reichlich Platz im Kofferraum, sicheres Fahrverhalten, starke und doch sparsame Motoren und vernunftgeprägte Wartungskosten."
"3750","2020-08-03","internetbasiert","Variant 3521 TB | 414x210cm - 3,5t | Dreiseitenkipper-Anhänger mit Blattfederung. PKW-Anhänger kaufen bei P+P Anhängercenter | Wohnmobil Vermietung & Anhängervermietung, 2020-08-03","http://www.ppanhaengercenter.com/store/p732/Variant-3521TB-Dreiseitenkipper-Blattfederung-Anhaenger.html","Variant 3521 TB | 414x210cm - 3,5t | Dreiseitenkipper - Blattfederung"
"3751","2019-02-20","internetbasiert","Stundenlang durch Karlsruhe gerast - Zeugen gesucht - die neue welle. Die Neue Welle, 2019-02-20","https://www.die-neue-welle.de/top-news/mit-tempo-190-durch-karlsruhe-verrueckter-raser-aus-dem-verkehr-gezogen","Nach der Auswertung von stationären Geschwindigkeitsanlagen wurde der Polizei jetzt bekannt, dass ein 22-jähriger Autofahrer am 3. Februar, unablässig und über mehrere Stunden hinweg mit einem schwarzen VW Golf Variant Mietwagen mit Braunschweiger Kennzeichen durch Karlsruhe raste."
"3752","2018-04-17","internetbasiert","Roulette Beobachtungen Düsseldorf von Spielautomaten 21Prive Casino. kielspratineurope.eu, 2018-04-17","https://kielspratineurope.eu/category-roulette/19-04-2018-1878.php","Willkommensbonus sie no online woche casino depost fragen wie ankauf gebraucht spielautomaten der Casino zu den gewinn bei video poker variante im verstand, um es mit."
"3753","2019-06-14","internetbasiert","VW Golf Variant (1.5 TSI - 96 kW/130 PS) - Tepass Mobility. Tepass Mobility GmbH + Co. KG, 2019-06-14","https://tepass-mobility.de/project/vw-golf-variant-1-5-tsi-96-kw-130-ps/","VW Variant ab 99,- € / Tag Energielabel Sitzplätze Türen Getriebe DSG Motorisierung 1.5 TSI (96 kW/130 PS) Klima"
"3754","2020-01-01","internetbasiert","22-210. isover.ch, 2020-01-01","https://www.isover.ch/de/solutions/22-210","[...] Description Unité 1 Unité 2 Variant 1 Variant 2 Variant 3 Variant 4 Variant 5 Variant 6 PB F 030 d [mm] 120 140 160 180 200 220 Wärmeschutz im Winter und Sommer * ** ** *** *** *** Wärmedurchgangskoeffizient U [W/(m2 K)] 0.21 0.18 0.16 0.15 0.13 0.12 Wärmeschutz im Sommer Wärmespeicherfähigkeit (mit Rsi) κi [Wh/m2 K)] 15 15 15 15 15 15 Schalldämmung Bewertetes Schalldämm-Mass Rw ca. [dB] 70 71 72 73 74 74 Ökologie Umweltbelastungspunkte UBP [Pt/(m2 a)] 1507 1524 1541 1558 1574 1591 Anteil Dämmung – [%] 7 8 9 10 11 12 [...]"
"3755","2020-05-21","internetbasiert","Typen gibt's!. industrial-devops.org, 2020-05-21","https://www.industrial-devops.org/typen-gibts/","In einem als variant deklarierten Element sind alle unterstützten Datentypen erlaubt."
"3756","2019-06-07","internetbasiert","Vorverkauf des neuen Passat. My Bavaria - Das Bayern-Magazin, 2019-06-07","http://my-bavaria.com/zu-den-auto-nachrichten/vorverkauf-des-neuen-passat/","2. Passat 2.0 TSI 4MOTION DSG, 200 kW/272 PS, Kraftstoffverbrauch (WLTP)kombiniert in l/100 km (Variant in Klammern): 7,0 (7,1); CO₂-Emission kombiniert in g/km: 160 (163)"
"3757","2020-01-01","internetbasiert","Vezeko KONOS Abroll-Muldenkipper 3,5t|ohne Mulde|Hakengerät. Koch Anhängerwerke, 2020-01-01","https://www.kochanhaengerwerke.de/kipper/3-seitenkipper/vezeko-konos-abroll-muldenkipper-3-5t-ohne-mulde-hakengeraet","Variant Hochlader Anhänger 3521 P5 | 205x515cm 3,5t | Pro-Line"
"3758","2019-08-08","internetbasiert","Doppelgulden 1849 Maximilian II - Feine Sachwerte. Hornung - Feine Sachwerte, 2019-08-08","https://www.torsten.com/doppelgulden-1849-maximilian-ii/","Die Gestaltung des Nominalwertes und der Jahreszahl, waren bei allen Doppelgulden des süddeutschen Münzvereines identisch, die Wappen und die Wappentiere varianten, je nach Mitgliedsland."
"3759","2019-10-10","internetbasiert","Yu-Gi-Oh! Duel Devastator Sammelbox ab heute erhältlich!. FUNtainment Berlin Webseite!, 2019-10-10","https://www.funtainmentberlin.store/2019/10/10/yu-gi-oh-duel-devastator-sammelbox-ab-heute-erh%C3%A4ltlich/","5 Ultra Rare Variant Karten"
"3760","2020-04-01","internetbasiert","Amiron wireless copper. beyerdynamic GmbH & Co. KG, 2020-04-01","https://www.beyerdynamic.ch/amiron-wireless-copper.html","Solved variant"
"3761","2020-01-01","internetbasiert","Rux Variant Modulgerüst - gebraucht zum Bestpreis kaufen. Cetrac Gmbh - Gerüste & Schalungen, 2020-01-01","https://www.geruest.com/rux-variant/","Wir helfen Ihnen sehr gern weiter, wenn Sie Fragen zum gebrauchten Rux Variant haben."
"3762","2020-01-24","internetbasiert","VW Passat Variant Facelift - Der Kronprinz - NewCarz.de. NewCarz.de, 2020-01-24","https://www.newcarz.de/2020/01/24/vw-passat-variant-facelift-der-kronprinz/","Dennoch sind die meisten Ausstattungsoptionen auch in den anderen Varianten des VW Passat Variant Facelift zu haben."
"3763","2018-06-01","internetbasiert","Haben Sie Fragen?. Hanse Haus, 2018-06-01","https://www.hanse-haus.ch/de/fuer-sie/mediathek/360-grad-touren/","360°-Rundgang: Variant 192"
"3764","2020-12-26","internetbasiert","Intermezzo (1015). Blue Archive, 2020-12-26","https://bluearchive.wordpress.com/2020/12/26/intermezzo-1015/","Got questions about the new Covid-19 variant?"
"3765","2019-08-05","internetbasiert","zahnschmelz verfärbung - Zahnarzt Dinkelsbühl. Zahnarzt Dinkelsbühl, 2019-08-05","https://xn--zahnarzt-dinkelsbhl-mbc.de/zahnschmelz-verfaerbung/","Gruppe variante aktivkohle schlaf zahnbürsten sicht zahnschmelz verfärbung gehirn."
"3766","2020-08-01","internetbasiert","Programm für Fahrtsteller anpassen Seite 2 Ersatzteilversand. forum.electronicwerkstatt.de, 2020-08-01","https://forum.electronicwerkstatt.de/phpBB/Microcontroller/programm_fuer_fahrtsteller_anpassen-t124882f28_bs15.html","[...] #include <avr/io.h> #include <avr/delay.h> //Wird für einen anderen Programmteil verwendet, dieses hier ist die gekürzte Variante #define S1 (PINB&(1<<PINB3)) #define S2 (PINB&(1<<PINB2)) #define S3 (PINB&(1<<PINB1)) #define S4 (PINB&(1<<PINB0)) #define LED1 PORTB, PORTB7 #define LED2 PORTB, PORTB6 #define LED3 PORTB, PORTB5 #define LED4 PORTB, PORTB4 #define setbit(IO) __setbit(IO) #define __setbit(PORT, BIT) PORT |= (1<<BIT) #define clearbit(IO) __clearbit(IO) #define __clearbit(PORT, BIT) PORT &=~ (1<<BIT) int main (void) { DDRB = 0xF0; //Bit7...4 Ausgänge, Bit3...0 Eingänge PORTB = 0x00; //Alle PullUp-Widerstände aus //Ein Taster steuert eine LED mit Variablenzuweisung an do { //Direkte Zuweisung if(S1) setbit(LED1); else clearbit(LED1); if(S2) setbit(LED2); else clearbit(LED2); if(S3) setbit(LED3); else clearbit(LED3); if(S4) setbit(LED4); else clearbit(LED4); /* //Zuweisung über logische Verknüpfungen if(S1&&S2) setbit(LED1); [...]"
"3767","2020-08-03","internetbasiert","Variant 3017 TB | 320x168cm - 3t | Dreiseitenkipper Anhänger - Blattfederung - Bordwandaufsatz - Flachplane. PKW-Anhänger kaufen bei P+P Anhängercenter | Wohnmobil Vermietung & Anhängervermietung, 2020-08-03","http://www.ppanhaengercenter.com/store/p798/Variant-3017TB-Dreiseitenkipper-Bordwandaufsatz-Flachplane.html","Variant 3017 TB | 320x168cm - 3t | Dreiseitenkipper Anhänger - Blattfederung - Bordwandaufsatz - Flachplane"
"3768","2019-06-11","internetbasiert","Sicherheit durch Verschleierung: Warum Regierungen Proxies in Cyberkonflikten einsetzen - Deutsche Stiftung Friedensforschung. Deutsche Stiftung Friedensforschung, 2019-06-11","https://bundesstiftung-friedensforschung.de/blog/sicherheit-durch-verschleierung-warum-regierungen-proxies-in-cyberkonflikten-einsetzen/","So wissen wir bislang nur wenig darüber, warum Cyberkonflikte bislang – trotz weitgehend fehlender internationaler Verbotsnormen – durch ein relativ niedriges aber variantes Konfliktniveau gekennzeichnet sind, und wann und warum Regierungen in Cyberkonflikten auf unterschiedliche Formen von Cyberproxies zurückgreifen."
"3769","2020-12-16","internetbasiert","Merkur Geldspielautomat – Bestes deutsche mobile spielautomaten. Daniela Figini, 2020-12-16","https://www.daniela-figini.ch/2020/12/16/merkur-geldspielautomat/","Er bestaan meerdere varianten van roulette en soms vraag je je af wat is beter om te kiezen, book of ra magic 90 freispiele die jedes mögliche Szenario."
"3770","2019-05-22","internetbasiert","Kooperation: Sichere Mobilfunk-Kommunikation für das IoT. 0800hardware.de, 2019-05-22","http://0800hardware.de/kooperation-sichere-mobilfunk-kommunikation-fuer-das-iot/","Small (45mm x 18mm), robust and powerful board; 3.3V variant of the Nano family."
"3771","2019-03-07","internetbasiert","Diese Waffen-Combos empfehlen wir Euch für Apex Legends. Mein-MMO.de, 2019-03-07","https://mein-mmo.de/apex-legends-waffen-combos-empfehlung/","man muss nur Einzel Schuss rein machen dann ist sie auf mittlere und nahe Distanz punkt genau ohne Rückstoss! und sie schisst so schnell wie ihr halt mit dem Finger drücken könnt! auch im Nahkampf nicht zu unterschätzen! versthe nicht das die hir nicht erwähnt wurde (oder nur als ausweiche variante).."
"3772","2020-05-18","internetbasiert","Nordvpn cisco router – Nordvpn : Warnung und Prüfung. Bester VPN-Vergleicher, 2020-05-18","http://minecraftopia.de/nordvpn-cisco-router-nordvpn-warnung-und-prufung/","Außerdem findest du auch die vorteile der von britischen varianten von absoluter internet-kenner, er grau statt eben keine sensiblen protokolle."
"3773","2020-02-28","internetbasiert","meine-wiking-welt - Golf III Variant. meine-wiking-welt.eu, 2020-02-28","https://www.meine-wiking-welt.eu/pkw/volkswagen/golf-iii-variant/","VW Golf Variant 05401 1993-1995 himmelblau, IE mit separiertem Lenkrad lichtgrau, Innenspiegel Teil der Verglasung, plastische Scheibenwischer + Heckwischer, 2 Außenspiegel in Wagenfarbe, Frontscheinwerfer klartransparent + Rückleuchten rottransparent eingesetzt, Grill schwarz mit VW-Emblem silbern, Räder zweiteilig VW Alufelgen geschlossen mit aufgezogenen Reifen, Bodenplatte schwarz, Bodenprägung modernes Wiking-Logo + ""Germany""."
"3774","2020-02-28","internetbasiert","meine-wiking-welt - 1500 Variant Eckhauber. meine-wiking-welt.eu, 2020-02-28","https://www.meine-wiking-welt.eu/pkw/volkswagen/1500-variant-eckhauber/","VW 1500 Variant Eckhauber gelb, IE mit integriertem Lenkrad schwarz, Stoßstange glatt, Frontscheinwerfer gesilbert, seitlich Türaufdruck Posthorn Deutsche Bundespost, Standard Pkw Räder mit Riffelkappen, Bodenplatte schwarz, Bodenprägung ""VW"" + ""1500"" + ""WIKING"" + ""GERMANY"" + ""VARIANT""."
"3775","2020-01-01","internetbasiert","World of Blond. world-of-blond.de, 2020-01-01","https://www.world-of-blond.de","[...] Nach Relevanz Nach Preis (aufsteigend) Nach Preis (absteigend) Haarfarbe Blondme White Blending €19,50 / 60ml € 325,00 / 1l MERKEN VARIANTE Haarfarbe BlondMe Hi-Lighting €19,50 / 60ml € 325,00 / 1l MERKEN VARIANTE Haarfarbe Blondme Blonde Lifting €19,50 / 60ml € 325,00 / 1l MERKEN VARIANTE -12% Haarfarbe Raliss Hair Color 3,95€ €3,49 / 60ml € 58,17 / 1l MERKEN VARIANTE Haarfarbe Raliss Hair Color 9.0 Lichtblond €2,99 / 60ml € 49,83 / 1l MERKEN WARENKORB Haarfarbe Raliss Hair Color 3.0 Dunkelbraun €2,99 / 60ml € 49,83 / 1l MERKEN WARENKORB Haarfarbe Raliss Hair Color 6.34 Dunkelblond Golden-Kupfer €2,99 / 60ml € 49,83 / 1l MERKEN WARENKORB Haarfarbe Raliss Hair Color 10.0 Extra Lichtblond €2,99 / 60ml € 49,83 / 1l MERKEN WARENKORB Haarfarbe Raliss Hair Color 8.01 Hellblond Natur Asch €2,99 / 60ml € 49,83 / 1l MERKEN WARENKORB Raliss Hair Color 10.31 Extralichtblond Beige €2,99 / 60ml € 49,83 / 1l MERKEN WARENKORB Haarfarbe Raliss Hair Color 5.8 Hellbraun Toffee €2,99 / 60ml € 49,83 / 1l MERKEN WARENKORB Haarfarbe Raliss [...]"
"3776","2020-01-01","internetbasiert","21-630. isover.ch, 2020-01-01","https://www.isover.ch/de/solutions/21-630","Description Unité 1 Unité 2 Variant 1 Variant 2 Variant 3 Variant 4 Variant 5 Variant 6 Kassettenbreite b [mm] 500 600 600 ISOLENE P 032 d [mm] 20 20 20 CLADISOL 032 d [mm] 140 120 140 Wärmeschutz im Winter und Sommer Wärmedurchgangskoeffizient:"
"3777","2020-03-22","internetbasiert","Spelunca-Schlucht | Paradisu - der grosse Reiseführer für Korsika. Paradisu - der grosse Reiseführer für Korsika, 2020-03-22","https://www.paradisu.de/wanderungen/spelunca-schlucht/","Variante D124 – Pont de Zaglia – D124"
"3778","2018-04-19","internetbasiert","GSM als globales IoT-Netz – oder besser nicht?. 0800hardware.de, 2018-04-19","http://0800hardware.de/gsm-als-globales-iot-netz-oder-besser-nicht/","The ease of use of a Nano board with the addition of secure IoT and BT connectivity Small (45mm x 18mm), robust and powerful board; 3.3V variant of the Nano family."
"3779","2019-04-22","internetbasiert","Höchster Lotto Jackpot Der Welt | Fragen und Antworten zu Online Casinos Liechtenstein. schmiede-metallbau-haenel.de, 2019-04-22","http://schmiede-metallbau-haenel.de/h%C3%B6chster-lotto-jackpot-der-welt/","Man wollte für knapp 2 Wochen mehr als 300 Dollar von uns, casino spiele varianten speichern wir grundsätzlich dauerhaft."
"3780","2020-04-12","internetbasiert","die große freiheit des lernens mit dem clicker -. denktier.at, 2020-04-12","https://www.denktier.at/lernen-mit-dem-clicker","dass das vom hund enorm viel nachdenken erfordert, ist klar. daher eignet sich das freie formen – in jeder der beiden varianten – so wunderbar als geistige auslastung für den hund"
"3781","2019-04-10","internetbasiert","IoT- Spezialist “Virtenio“ mietet über AENGEVELT Bürofläche in Berlin. 0800hardware.de, 2019-04-10","http://0800hardware.de/iot-spezialist-virtenio-mietet-ueber-aengevelt-bueroflaeche-in-berlin/","Small (45mm x 18mm), robust and powerful board; 3.3V variant of the Nano family."
"3782","2019-08-29","internetbasiert","VW-Werk Emden baut ab Ende 2021 MEB-Elektroautos. ecomento.de, 2019-08-29","https://ecomento.de/2019/08/29/vw-werk-emden-baut-ab-ende-2021-meb-elektroautos/","Ab 2021 sollen es ja laut ecomento 330.000 Fahrzeuge in Zwickau sein und anderswo ist zu lesen, dass der Golf Variant nur noch bis Juni 2020 produziert wird."
"3783","2020-07-14","internetbasiert","Reparatur. 10 Kanal Equalizer von Knolle ... Riesenproblem mit Bauteilen Ersatzteilversand, 2020-07-14","https://forum.electronicwerkstatt.de/phpBB/Elektrische_Probleme/10_kanal_equalizer_von_knolle_riesenproblem_mit_bauteilen-t113916f6_bs0.html","Jetzt gibt es aber viele verschiedene varianten .."
"3784","2020-06-30","internetbasiert","Autohaus Schmidt Gebrauchtwagen Angebote und Aktionen. schmidt-sachsenring.de, 2020-06-30","https://www.schmidt-sachsenring.de/gebrauchtwagen/angebote/","Gültig bis zum 30.06.2020 für aktionsberechtigte Golf, Golf Sportsvan und Golf Variant aus dem Handelslagerbestand (Fahrzeugalter ab Erstzulassung maximal 22 Monate)."
"3785","2018-10-31","internetbasiert","Samsung Galaxy S10 – Konzept zeigt das neue Design und die bekannten Änderungen. Testberichte, News, Tablets & Smartphones, 2018-10-31","https://www.appdated.de/2018/10/sasmung-galaxy-s10-konzept-zeigt-das-neue-design-und-die-bekannten-aenderungen/","The Galaxy S10 Plus is said to sport three cameras on its back, while the small Galaxy S10 variant will stick to one rear-facing camera."
"3786","2019-06-29","internetbasiert","Der neue Passat: vernetzt, elektrisch, automatisiert. AutoMotorTest.de, 2019-06-29","https://automotortest.de/index.php/2019/06/29/der-neue-passat-vernetzt-elektrisch-automatisiert/","Sein Verbrauch liegt bei 4,2 Liter Diesel auf 100 Kilometer, der Variant verlangt 4,4 Liter."
"3787","2019-05-01","internetbasiert","Variant Hartwachsöl. Holzboden-Direkt.de - Holzboden-Online-Shop und Fachhandel - 5x in Deutschland, 2019-05-01","https://www.holzboden-direkt.de/variant-hartwachsoel","Variant Hartwachsöl zur Erstbehandlung von Variant- Holzfußböden mit rohen Oberflächen Geeignet für:"
"3788","2019-12-19","internetbasiert","ABC Design Beindecke TOP | Kinderhaus Blaubär. kinderhaus-blaubaer.de, 2019-12-19","https://www.kinderhaus-blaubaer.de/abc-design-beindecke-top_33752_55170","[...] { _tsRatingConfig = { tsid : 'X0C74C395F78C2D0663798C126CCFC286', element : '#ts_review_sticker', variant : 'testimonial', reviews : '5', betterThan : '3.0', richSnippets : 'on', backgroundColor : '#FFDC0F', linkColor : '#000000', quotationMarkColor : '#FFFFFF', fontFamily : 'Arial', reviewMinLength : '10' }; var scripts = document.getElementsByTagName('SCRIPT'), me = scripts[scripts.length - 1]; var _ts = document.createElement('SCRIPT'); _ts.type = 'text/javascript'; _ts.async = true; _ts.src = '//widgets.trustedshops.com/reviews/tsSticker/tsSticker.js'; me.parentNode.insertBefore(_ts, me); _tsRatingConfig.script = _ts; })(); [...]"
"3789","2018-08-01","internetbasiert","FOX. beyerdynamic GmbH & Co. KG, 2018-08-01","https://www.beyerdynamic.ch/fox.html","Solved variant"
"3790","2018-08-05","internetbasiert","Ralf Rauer | AR Architektur Planung & Design | Ettenheim. AR-Architektur, 2018-08-05","https://www.ar-rauer.de","News News Variante 3 News News Variante 2 Lorem ipsum dolor sit amet, consetetur sadipscing elitr"
"3791","2020-01-02","internetbasiert","VW Passat Variant Elegance 4Motion DSG | Tageszulassung | Kombi | 58579. Copyright 2020 www.audaris.de, 2020-01-02","https://www.ws-automobile.de/angebote/vw/vw-passat-variant-elega/58579/","VW Passat Variant Elegance 4Motion DSG-Getriebe 4 Motion ACC, elek."
"3792","2020-12-01","internetbasiert","533. Petition: Stopp sämtlicher Corona-Impfstudien. Sägefisch, 2020-12-01","https://jacquesauvergne.wordpress.com/2020/12/01/533/","In testis, only an 8.0 kb splice variant was expressed (Mi et al., 2000). (…)"
"3793","2019-07-03","internetbasiert","(Senior-) Project Manager IoT, Big Data, Analytical Applications (m/w/d). 0800hardware.de, 2019-07-03","http://0800hardware.de/senior-project-manager-iot-big-data-analytical-applications-m-w-d/","Small (45mm x 18mm), robust and powerful board; 3.3V variant of the Nano family."
"3794","2020-11-03","internetbasiert","VW Golf 8 Variant - Kompaktkombi in sechster Generation - NewCarz.de. NewCarz.de, 2020-11-03","https://www.newcarz.de/2020/11/03/vw-golf-8-variant-kompaktkombi-in-sechster-generation/","Breit ist der Golf Variant 1.789 mm, hoch 1.455 mm (ohne Dachreling)."
"3795","2020-07-01","internetbasiert","Fertighäuser unterschiedliche Hausbau Firmen. hausbau-portal.net 2020 - Alle Rechte reserviert!, 2020-07-01","https://www.hausbau-portal.net/nc/haeuser-musterhaeuser-hausbau/fertighaeuser.html","Variant 35-235"
"3796","2020-08-03","internetbasiert","Variant 2700 U4 | 420x210cm - 2,7t | Kippbarer Multitransporter - Hochlader Anhänger. PKW-Anhänger kaufen bei P+P Anhängercenter | Wohnmobil Vermietung & Anhängervermietung, 2020-08-03","http://www.ppanhaengercenter.com/store/p613/Variant-2700U4-Kippbarer-Hochlader-Anhaenger.html","Variant 2700 U4 | 420x210cm - 2,7t | Multitransporter - Hochlader"
"3797","2019-02-07","internetbasiert","embedded world 2019: IAR Systems präsentiert Produkte für IoT-Sicherheit, Automotive Functional Safety und RISC-V. 0800hardware.de, 2019-02-07","http://0800hardware.de/embedded-world-2019-iar-systems-praesentiert-produkte-fuer-iot-sicherheit-automotive-functional-safety-und-risc-v/","The ease of use of a Nano board with the addition of secure IoT and BT connectivity Small (45mm x 18mm), robust and powerful board; 3.3V variant of the Nano family."
"3798","2018-06-01","internetbasiert","EiTV No. 4: Hackbraten auf chinesisch. EiTV No. 4: Hackbraten auf chinesisch, 2018-06-01","https://rundumgenuss.de/2637/eitv-no-4-hackbraten-auf-chinesisch/","oh! eine neue variante hackbraten, für mich mich wohl eher buletten - aber dies liegt nunmal in der sichtweise des betrachters 😉 macht aber nix, ich fand die bilder schonmal sehr lecker und werde es demnächst mal ""nachbasteln"". sehr interessant fand ich auch die verarbeitung der kartoffeln."
"3799","2018-12-05","internetbasiert","Model 3: Tesla gibt erste Details und Preise für Deutschland bekannt. ecomento.de, 2018-12-05","https://ecomento.de/2018/12/05/tesla-model-3-preise-details-fuer-deutschland/","Denn sie werden wie schon bei den teureren varianten zuerst Nordamerika beliefern und erst dann Europa."
"3800","2018-10-05","internetbasiert","Das Internet der Dinge verstehen: Anwendungsziele beim IoT im Fokus. 0800hardware.de, 2018-10-05","http://0800hardware.de/das-internet-der-dinge-verstehen-anwendungsziele-beim-iot-im-fokus/","Small (45mm x 18mm), robust and powerful board; 3.3V variant of the Nano family."
"3801","2019-10-01","internetbasiert","inkludierte Tests im CatCheck - FERAGEN. FERAGEN GmbH, 2019-10-01","https://feragen.at/catcheck/inkludierte-tests-im-catcheck/","An inversion of 25 base pairs causes feline GM2 gangliosidosis variant."
"3802","2020-01-13","internetbasiert","Subaru WRX STI 2.5 T Sport S. Web-Set Interactive Gmbh, 2020-01-13","https://www.car7.ch/auto/Subaru-WRX-STI-2-5-T-Sport-S-_0_acb-6209797.html","VW Golf VI Variant 1.6 TDI BlueMT Trendl. DSG"
"3803","2020-01-01","internetbasiert","Rux Variant Modulgerüst - gebraucht zum Bestpreis kaufen. Cetrac Gmbh - Gerüste & Schalungen, 2020-01-01","https://www.geruest.com/rux-variant/","Rux Variant Modulgerüst gebraucht Stahlgerüst RUX Variant kaufen"
"3804","2019-07-05","internetbasiert","Die Universität Eindhoven will 150 freie Stellen nur mit Frauen besetzten und diesen noch besondere Forschungsgelder zukommen lassen. Alles Evolution, 2019-07-05","https://allesevolution.wordpress.com/2019/07/05/die-universitaet-eindhoven-will-150-freie-stellen-nur-mit-frauen-besetzten-und-diesen-noch-besondere-forschungsgelder-zukommen-lassen/","Der Variant 1500 ist hier ab Bj. 61 angegeben:"
"3805","2019-05-08","internetbasiert","The Division 2: Warum Ihr dem Präsizionsschützen eine Chance geben solltet. Mein-MMO.de, 2019-05-08","https://mein-mmo.de/division-2-praezisionsschuetze-starke-perks/","spiele aber zZ. lieber verschiedene MP5 varianten, vielleicht für dich ja auch interessant."
"3806","2019-01-04","internetbasiert","Newsticker-Archiv. agvs-upsa.ch, 2019-01-04","https://www.agvs-upsa.ch/de/node/24802","Ab sofort sind die höheneinstellbaren Federn auch für den Audi RS3 Sportback und die Audi RS3 Stufenhecklimousine (8V-Baureihe), den Golf 7 R Typ AU (Variant und Limousine), den Cupra Ateca (Allrad) und den Seat Leon Cupra und Cupra «R» erhältlich."
"3807","2020-01-01","internetbasiert","VW 411 LE Variant. vw-411.de, 2020-01-01","http://vw-411.de/VW-411-LE-Variant/","VW 411 LE Variant, Marinablau, EZ: 1971, Baudatum: 26.11.1970."
"3808","2018-03-11","internetbasiert","Lackleder, Latex, Vinyl ... the new Trend – Laureus 3. Laureus 3, 2018-03-11","https://laureus3.com/lackleder-latex-vinyl-the-new-trend/","The search for an alternative to the really expensive models was quite difficult because as soon as you reach for a cheap variant of vinyl you are faced with the problem that they either squeak when wearing and stick together sometimes."
"3809","2018-03-29","internetbasiert","KI für IoT: ARM integriert Nvidias Deep Learning Accelerator in Project Trillium. 0800hardware.de, 2018-03-29","http://0800hardware.de/ki-fuer-iot-arm-integriert-nvidias-deep-learning-accelerator-in-project-trillium/","Small (45mm x 18mm), robust and powerful board; 3.3V variant of the Nano family."
"3810","2020-01-01","internetbasiert","85 Jahre. heisel.de, 2020-01-01","https://www.heisel.de/85jahre/","Kraftstoffverbrauch Passat Variant kombiniert: 7,1 – 4,4 l/100km; Co2-Emissionen kombiniert: 163 – 116 g/km; Effizienzklasse C-A+"
"3811","2020-01-01","internetbasiert","Modellgeschichte - Typ3.de. Typ3.de, 2020-01-01","https://www.typ3.de/modellgeschichte-2.html","Vom Typ 3 wurden 2.583.015 Stück verkauft, davon rund die Hälfte, 1.202.483 als Kombi – Variant."
"3812","2018-06-15","internetbasiert","Travelbug jede Menge Tipps und Tricks - aktivieren - loggen - discovern. Uwe Pfaffmann, 2018-06-15","https://ffmann.de/travelbugs-tipps-und-tricks/","Travel Bugs sind die preiswerte variante wenn man einen persönlichen Gegenstand von Geocache zu Geocache reisen lassen möchte."
"3813","2018-11-20","internetbasiert","So macht Volkswagen Zwickau zur Elektroauto-Fabrik. ecomento.de, 2018-11-20","https://ecomento.de/2018/11/20/so-macht-volkswagen-zwickau-zur-elektroauto-fabrik/","2019 könnten es die amerikaner einmal schaffen, wenn das model 3 in allen varianten in D ausgeliefert wird."
"3814","2018-02-06","internetbasiert","VBA: Datenfelder und Arrays. Clevercalcul, 2018-02-06","https://clevercalcul.wordpress.com/2018/02/06/vba-datenfelder-und-arrays/","As Variant Dim i As Integer For i=1 To 7 arrWoche(i)=Cells(1+i,2) Next i MsgBox arrWoche(5)"
"3815","2019-09-25","internetbasiert","Veranstaltungen & Kontakt - CADBAS GmbH. CADBAS GmbH, 2019-09-25","https://www.cadbas.de/veranstaltungen-kontakt/","Auch nächstes Jahr wird CADBAS wieder auf der Smart Variant CON vom 29. Juni bis 1. Juli 2022 in Berlin vertreten sein."
"3816","2020-11-17","internetbasiert","Volkswagen kündigt Elektro-Kombi für 2023 an - electrive.net. electrive.net, 2020-11-17","https://www.electrive.net/2020/11/17/volkswagen-kuendigt-elektro-kombi-fuer-2023-an/","Bei dem Aero B Shooting Brake handelt es sich laut dem Markenchef um den ersten elektrischen Variant im Markt."
"3817","2020-01-01","internetbasiert","Sensor, Saugrohrdruck. BERU Zündungsteile | BERU – Ihr Experte für Zündungstechnik, 2020-01-01","https://www.beruparts.de/find-my-part/9738229/beru-by-driv/sensoren/sensor--saugrohrdruck/spr216.pd.html","Marke Variante Motor Aktion {{fitment.make}} {{fitment.variant}} {{fitment.engine_display}}"
"3818","2018-04-06","internetbasiert","Microsoft will 5 Milliarden Dollar in IoT investieren. 0800hardware.de, 2018-04-06","http://0800hardware.de/microsoft-will-5-milliarden-dollar-in-iot-investieren/","The ease of use of a Nano board with the addition of secure IoT and BT connectivity Small (45mm x 18mm), robust and powerful board; 3.3V variant of the Nano family."
"3819","2019-11-29","internetbasiert","Einen Blätter-Löwen basteln. Über Das Leben Mit Meinem Regenbogenkind, 2019-11-29","https://marylouloves.com/2019/11/29/einen-blaetter-loewen-basteln/","Macht es also einfach so wie es euch am besten gefällt oder probiert beide varianten aus."
"3820","2018-02-10","internetbasiert","Poker For Dummies pdf Novoline Spielen CasinoGB. kielspratineurope.eu, 2018-02-10","https://kielspratineurope.eu/category-spielen/03-02-2018-591.php","Casino empfehlenswert lion niveau login sticky golden sondern erfordert deposit deutsch online no roulette ersten mal Spiel ab, die zahl, um wenig spielen, ein motiv zu erwarten, Allgemeinheit richtige system zugegriffen über varianten, wer das."
"3821","2018-04-18","internetbasiert","Techies und Stylonauten – AV und IoT beim Salone del Mobile. 0800hardware.de, 2018-04-18","http://0800hardware.de/techies-und-stylonauten-av-und-iot-beim-salone-del-mobile/","Small (45mm x 18mm), robust and powerful board; 3.3V variant of the Nano family."
"3822","2019-03-24","internetbasiert","Programmier Tutorial: Apps für Android entwickeln – Teil 14: Mit Debugging Programmfehler im Quellcode finden. Mit Debugging Programmfehler im Quellcode finden in Android Studio, 2019-03-24","https://www.programmierenlernenhq.de/tutorial-android-debugging-mit-android-studio/","Immer wenn eine neues Projekt in Android Studio erstellt wird, wird für das mit erstellte Modul (bei uns das Modul app) jeweils ein Debug Build Variant und ein Release Build Variant angelegt."
"3823","2019-08-21","internetbasiert","Conversion-Killer Datenschutz – und warum wir trotzdem daran festhalten. Raidboxes®, 2019-08-21","https://raidboxes.io/blog/it-law/nachteile-datenschutz-seo/","verwendet man (wie durchaus viele websitebetreiberInnen) google analytics, wird dir durch die agb von google schon vorgeschrieben, dass du eine eindeutige zustimmung der besucherInnen benötigst, um die daten verarbeiten zu dürfen. eine hinweis in einer datenschutzerklärung ist aber nicht als solche zu bewerten; ein cookie-banner mit einem opt-in ist daher die einzig rechtskonforme variante."
"3824","2019-08-16","internetbasiert","IoT-Drucker sind Einfallstore für Hacker. 0800hardware.de, 2019-08-16","http://0800hardware.de/iot-drucker-sind-einfallstore-fuer-hacker/","The ease of use of a Nano board with the addition of secure IoT and BT connectivity Small (45mm x 18mm), robust and powerful board; 3.3V variant of the Nano family."
"3825","2020-04-07","internetbasiert","Ideen gesucht-Wie würdet Ihr das regeln? - Stiefmutterblog - Das Online Magazin für Patchwork und zweite Familien. Stiefmutterblog - Das Online Magazin für Patchwork und zweite Familien, 2020-04-07","https://stiefmutterblog.com/forums/Thema/ideen-gesucht-wie-wuerdet-ihr-das-regeln/","@lili die frage ob mein partner einverstanden ist stellt sich doch gar nicht. es gab die variante “ beziehung retten über zwei wohnungen“ oder Trennung und zwei wohnungen. wir haben uns für variate eins entschieden und hoffen das wir es hinbekommen. ausgang ist offen aber dann wohnen wir schon getrennt und müssen dann nicht in stress alles auseinanderziehen. ich sehe das für beide varianten positiv."
"3826","2020-01-01","internetbasiert","Der Volkswagen Golf Variant: Der Allrounder. heisel.de, 2020-01-01","https://www.heisel.de/der-volkswagen-golf-variant-der-allrounder/","Ob Sie beim Fahren telefonieren müssen, aktuelle Verkehrsinformationen benötigen, per Navigation Ihr Ziel erreichen wollen oder einfach nur Ihre eigene Musik hören möchten – Ihr Golf Variant bietet Ihnen diverse Möglichkeiten, moderne Technik bequem und unkompliziert zu nutzen"
"3827","2020-12-19","internetbasiert","HAPPY DAY SRF1, Samstag 19.12.2020. Portmonnaie * Arvenkissen * Kinder Lachen * dabibag & herzensdinge, 2020-12-19","http://www.herzensdinge.ch/aktuelles/","Es ist ein Oversize Hoodi welcher in x varianten genäht werden kann."
"3828","2019-05-06","internetbasiert","VOLKSWAGEN GOLF 1.0 TSI 81 KW VARIANT. VOLKSWAGEN GOLF 1.0 TSI 81 KW VARIANT, 2019-05-06","https://vw-direktimport.ch/listings/autospar-an-lager-raperswill-lachen-feusisberg-siebnen-zug-einsideln-volkswagen-golf-1-0-tsi-81-kw-variant/","VOLKSWAGEN GOLF 1.0 TSI 81 KW VARIANT"
"3829","2020-01-01","internetbasiert","Entdecken Sie den VW Passat Variant im Volkswagen Zentrum Pillenstein an der Stadtgrenze Nürnberg/Fürth. ✅Neu- und ✅Gebrauchtwagen ✅kaufen / ✅leasen. Jetzt Probefahrt vereinbaren!. https://www.pillenstein.de/, 2020-01-01","https://www.pillenstein.de/autos/vw-pkw/neuwagen/passat-variant/","Intelligente Assistenzsysteme - zuverlässige Helfer im Passat Variant"
"3830","2019-12-13","internetbasiert","Labordiagnostik – Lues, Chlamydien, Gonorrhoe und HIV. GeLaMed, 2019-12-13","https://www.gelamed.de/labordiagnostik-lues-chlamydien-gonorrhoe-und-hiv/","Möller JK, Pedersen LN, Persson K. Comparison of the Abbott RealTime CT new formulation assay with two other commercial assays for detection of wild-type and new variant strains of Chlamydia trchomatis."
"3831","2018-07-07","internetbasiert","OK Front+Backenzahnprothese - Denta Beaute. Denta Beaute Zahnarzt Wien, 2018-07-07","https://www.denta-beaute.com/zahnforum/fragen/ok-frontbackenzahnprothese/","das kann ich via web schwer benatowrten, aber schau mal da, es gibt auch klammerlose varianten …"
"3832","2018-09-28","internetbasiert","Urlaub in Paris - Leckeres Essen - tolle Sehenswürdigkeiten - Infowurm. Infowurm, 2018-09-28","https://www.infowurm.de/urlaub-in-paris.html","Es gibt zwei varianten, um mit dem Bus nach Paris zu gelangen."
"3833","2020-08-03","internetbasiert","Variant 2700 U4 | 420x210cm - 2,7t | Kippbarer Multitransporter - Hochlader Anhänger. PKW-Anhänger kaufen bei P+P Anhängercenter | Wohnmobil Vermietung & Anhängervermietung, 2020-08-03","http://www.ppanhaengercenter.com/store/p613/Variant-2700U4-Kippbarer-Hochlader-Anhaenger.html","Variant kippbare Anhänger offen"
"3834","2018-08-05","internetbasiert","Ralf Rauer | AR Architektur Planung & Design | Ettenheim. AR-Architektur, 2018-08-05","https://www.ar-rauer.de","News News Variante 2 Lorem ipsum dolor sit amet, consetetur sadipscing elitr"
"3835","2019-12-06","internetbasiert","Schwarwel Gevatter #3 „Kapitel Drei: Verhandlung“ (Variant, Digital-PDF) - Glücklicher Montag Shop. Glücklicher Montag Shop, 2019-12-06","https://gluecklicher-montag-shop.de/produkt/schwarwel-gevatter-3-kapitel-drei-verhandlung-variant-digital-pdf/","Hier erhältlich: https://gluecklicher-montag-shop.de/product/schwarwel-gevatter-3-kapitel-drei-verhandlung-regular/ Das auf 100 Stück limitierte Variant Cover erschuf Sarah Burrini (Das Leben ist kein Ponyhof, Nerd Girl)"
"3836","2019-03-30","internetbasiert","Plugins & Codings. BOGX, 2019-03-30","https://bogx.de/shopware-plugins-und-codings/","Das erste speziell für Shopware entwickelte Plugin mit ABHÄNGIGKEITEN und VARIANTEN Kompatibilität."
"3837","2019-06-28","internetbasiert","Innovationen eine Bühne geben – Catharina van Delden über die OSRAM IoT Awards. 0800hardware.de, 2019-06-28","http://0800hardware.de/innovationen-eine-buehne-geben-catharina-van-delden-ueber-die-osram-iot-awards/","The ease of use of a Nano board with the addition of secure IoT and BT connectivity Small (45mm x 18mm), robust and powerful board; 3.3V variant of the Nano family."
"3838","2020-08-03","internetbasiert","Variant 2715 M2 | 260x150cm - 2,7t | Baumaschinenanhänger mit Blattfederung. PKW-Anhänger kaufen bei P+P Anhängercenter | Wohnmobil Vermietung & Anhängervermietung, 2020-08-03","http://www.ppanhaengercenter.com/store/p697/Variant-2715M2-Baumaschinen-Anhaenger-Blattfederung.html","Variant 2715 M2 | 260x150cm - 2,7t | Baumaschinenanhänger - Blattfederung"
"3839","2018-09-17","internetbasiert","#0829 [Session-Life] Comic Loots von 04.2018 – 08.2018. Pulchritudinous, 2018-09-17","https://www.pulchi.de/2018/09/0829-session-life-comic-loots-von-04-2018-08-2018/","Heft Seiten: 44 Preis: 3,99 EUR Preis Variant: 6,00 EUR"
"3840","2019-03-29","internetbasiert","Golf Variant TGI: Der Umwelt zuliebe - Gas Junky. Gas Junky, 2019-03-29","https://www.gas-junky.at/golf-variant-tgi-der-umwelt-zuliebe/","Bereits kurz nach dem Bestellstart des Polo TGI, schreitet die Erdgas-Offensive des deutschen Herstellers mit dem neuen Golf Variant voran."
"3841","2019-10-01","internetbasiert","inkludierte Tests im CatCheck - FERAGEN. FERAGEN GmbH, 2019-10-01","https://feragen.at/catcheck/inkludierte-tests-im-catcheck/","A FAS-ligand variant associated with autoimmune lymphoproliferative syndrome in cats."
"3842","2020-07-14","internetbasiert","kontakt_saxophonist_köln. Saxophonaut - Der Saxophonist aus Köln, 2020-07-14","https://saxophonaut.de/kontakt/kontakt_saxophonist_koeln/","Zum Inhalt springen Suche nach: ÜBER MICH Marke Saxophonaut Profil Projekte Referenzen Auszeichnungen NEWS VARIANTEN Sax Solo Sax & Piano Sax & DJ Sax, Piano & Gesang Sax & Band MEDIA FOTOS VIDEOS kontakt_saxophonist_köln kontakt_saxophonist_köln saxophonaut 2020-07-14T22:35:37+00:00 kontakt saxophonist köln Düsseldorf saxophon aachen bonn live-Sax Page load link"
"3843","2018-09-05","internetbasiert","SQS und Siemens arbeiten zukünftig gemeinsam an intelligenten Integrationskonzepten für die IoT-Plattform MindSphere. 0800hardware.de, 2018-09-05","http://0800hardware.de/sqs-und-siemens-arbeiten-zukuenftig-gemeinsam-an-intelligenten-integrationskonzepten-fuer-die-iot-plattform-mindsphere/","The ease of use of a Nano board with the addition of secure IoT and BT connectivity Small (45mm x 18mm), robust and powerful board; 3.3V variant of the Nano family."
"3844","2020-06-08","internetbasiert","MailChimp Modul. forums.berlicrm.de, 2020-06-08","https://forums.berlicrm.de/forums/topic/mailchimp-modul-2/","Variant A Gerne würden wir ein benutzerdefiniertes Feld synchronisieren."
"3845","2020-08-03","internetbasiert","Variant 3321 TB | 414x210cm - 3,5t | Tridem Dreiseitenkipper Anhänger - Blattfederung - Bordwandaufsatz. PKW-Anhänger kaufen bei P+P Anhängercenter | Wohnmobil Vermietung & Anhängervermietung, 2020-08-03","http://www.ppanhaengercenter.com/store/p788/Variant-3321-TB-414-x-210-cm.html","Variant 3321 TB | 414x210cm - 3,5t | Tridem Dreiseitenkipper Anhänger - Blattfederung - Bordwandaufsatz"
"3846","2018-03-09","internetbasiert","Apple bringt die mächtige App ‚Kurzbefehle‘ (ehem. ‚Workflow‘) für iOS auf den jüngsten Stand der Technik [Blogposting aktualisiert]. Rossau, 2018-03-09","https://rossau.wordpress.com/2018/03/09/apple-bringt-die-maechtige-app-workflow-fuer-ios-auf-den-juengsten-stand-der-technik-blogposting-aktualisiert/","„Here’s a variant that downloads the video then converts it to an audio file“"
"3847","2018-11-23","internetbasiert","Samsung will Ausbau von 5G, IoT und KI vorantreiben. 0800hardware.de, 2018-11-23","http://0800hardware.de/samsung-will-ausbau-von-5g-iot-und-ki-vorantreiben/","The ease of use of a Nano board with the addition of secure IoT and BT connectivity Small (45mm x 18mm), robust and powerful board; 3.3V variant of the Nano family."
"3848","2020-12-31","internetbasiert","VW Passat Variant EU Neuwagen | Jütten und Koolen. Jütten und Koolen, 2020-12-31","https://www.juetten-koolen.de/fahrzeuge/eu-neuwagen/VW-Passat-Variant--Variante/1","Sie möchten mit Ihrem VW Passat Variant einen Anhänger bewegen?"
"3849","2018-12-14","internetbasiert","VW I.D.: Erste Erlkönigfotos aus Südafrika. ecomento.de, 2018-12-14","https://ecomento.de/2018/12/14/vw-i-d-erste-erlkoenigbilder-aus-suedafrika/","Das zweite fahrzeug im haushalt ist derzeit ein Golf variant 1,4 TSI."
"3850","2019-09-25","internetbasiert","Tenuta Santi Giacomo e Filippo Isabecta Brut BIO - Umbriaweine. Umbriaweine, 2019-09-25","https://umbriaweine.de/shop/tenuta-santi-giacomo-e-filippo-isabecta-brut-bio/","Mit diesem Winzersekt hat Umbriaweine ein schöner BIO variante gefunden, nicht aus Umbrien, aber gerade über deren Grenze in der Nachbar Provinz Marken, unweit von der schöne Stadt Urbino in der Montefeltro Gegend."
"3851","2018-01-01","internetbasiert","News. KPT Architekten, 2018-01-01","https://kpt-architekten.de/news/","Fotokulisse Werbeaufnahmen für Volkswagen, Golf R Variant in Aiterbach"
"3852","2019-07-10","internetbasiert","Hilfe im Volkswagen Abgasskandal | Kostenlose Erstberatung. Dr. Lehnen & Sinnig Rechtsanwälte PartG mbB, 2019-07-10","https://www.lehnen-sinnig.de/abgasskandal/volkswagen/","VW Passat (1.6 TDI, 2.0 TDI, 2.0 TDI Variant)"
"3853","2020-12-04","internetbasiert","Süße Nikoläuse. hefe-und-mehr.de, 2020-12-04","https://www.hefe-und-mehr.de/2020/12/se-nikoluse/","Bei einer anschließenden kalten Gare wird der Geschmack etwas säuerlicher als im Orginal, darum würde ich dann die variante mit der warmen Gare wählen."
"3854","2018-08-12","internetbasiert","3D Druck - Nanoleaf Mounts. 3d-loewe.de, 2018-08-12","https://www.3d-loewe.de/p/nanoleaf-mounts","Variante 1: nanoleafmount1"
"3855","2020-07-06","internetbasiert","Linde E35 - E50 Elektrostapler. Logistik-Xtra, 2020-07-06","https://www.logistik-xtra.de/linde-e35-e50-elektrostapler","[...] Variante Tragfähigkeit/Last Fahrgeschwindigkeit mit/ohne Last Hub Batteriespannung / Nennkapazität K5 Arbeitsgangbreite bei Palette 800 x 1200 längs E35/600H 3,5 (t) 18 / 18 (km/h) 3100 (mm) 80 / 700/775 (V)/(Ah) 4154 (mm) E35/600H_'5Pz/625Ah' 3,2 (t) 18 / 18 (km/h) 3100 (mm) 80 / 575/625 (V)/(Ah) 4154 (mm) E40/600H 4,0 (t) 18 / 18 (km/h) 3100 (mm) 80 / 700/775 (V)/(Ah) 4164 (mm) E40/600HL 4,0 (t) 18 / 18 (km/h) 3100 (mm) 80 / 840 (V)/(Ah) 4309 (mm) E40/600HL_'6Pz/750Ah' 3,8 (t) 18 / 18 (km/h) 3100 (mm) 80 / 750 (V)/(Ah) 4309 (mm) E40/600H_'5Pz/625Ah' 3,8 (t) 18 / 18 (km/h) 3100 (mm) 80 / 575/625 (V)/(Ah) 4164 (mm) E40/600H Getränke 4,0 (t) [...]"
"3856","2020-08-12","internetbasiert","Rückleuchte innen rechts VW Passat B8 Variant (3G) 2.0 TDI 110 kW 150 PS (11.2014-> ) | 101676. Kempers.de, 2020-08-12","https://www.kempers.de/rueckleuchte-innen-rechts-vw-passat-b8-variant-3g-3g9945094g/101676","Fahrzeugnummer 9772 Marke VW Model Passat B8 Variant (3G)"
"3857","2019-04-11","internetbasiert","Lasershow zur Hochzeit drinnen oder draußen? - hochzeitsLASERSHOW. Hochzeitslasershow, 2019-04-11","https://www.hochzeits-lasershow.de/lasershow-hochzeit-drinnen-oder-draussen/","Für beide varianten sprechen einige Vor- und Nachteile als auch gewisse Unwägbarkeiten, die bei der Buchung noch nicht abgeschätzt werden können."
"3858","2018-10-05","internetbasiert","IoT Monetization Market Trend, Segmentation and Growth Factors till 2022. 0800hardware.de, 2018-10-05","http://0800hardware.de/iot-monetization-market-trend-segmentation-and-growth-factors-till-2022/","Small (45mm x 18mm), robust and powerful board; 3.3V variant of the Nano family."
"3859","2020-07-11","internetbasiert","Protein Cake Tassenkuchen. GymQueen, 2020-07-11","https://www.gymqueen.de/gymqueen-cupcake-tassenkuchen-500g.html","Habe mich für die Schoko Variant entschieden, es ist viel zu süß, ein extremer Süßstoff Geschmack und die Konsistenz ist wie Gummi."
"3860","2020-11-16","internetbasiert","VWs Elektro-Kombi kommt erst 2023, dafür mit 700 Kilometer Reichweite. ecomento.de, 2020-11-16","https://ecomento.de/2020/11/16/vw-elektroauto-kombi-aero-b-space-vizzion-2023-700-kilometer-reichweite/","Sondern lieber eine Variant Version des ID3 bringen die einfach einen etwas größeren Kofferraum bieten und nur 2.000 Euro mehr kostet."
"3861","2019-01-30","internetbasiert","Schlanke Alternative für weltweite IoT-Konnektivität. 0800hardware.de, 2019-01-30","http://0800hardware.de/schlanke-alternative-fuer-weltweite-iot-konnektivitaet/","The ease of use of a Nano board with the addition of secure IoT and BT connectivity Small (45mm x 18mm), robust and powerful board; 3.3V variant of the Nano family."
"3862","2019-03-27","internetbasiert","Seat und Volkswagen entwickeln Plattform für erschwingliche Elektroauto-Kleinwagen. ecomento.de, 2019-03-27","https://ecomento.de/2019/03/27/seat-elektroauto-plattform-meb-erschwingliche-kleinwagen/","Folglich werden zu wenige der teuren varianten verkauft um die produktion auszulasten."
"3863","2020-07-12","internetbasiert","Bildergalerie. abenteuerdachzelt.de, 2020-07-12","https://abenteuerdachzelt.de/bildergalerie/","Airpass 160 auf Anhäger montiert Defender mit Airpass Airpass MX Long Inter Trade Nimis Variant XL Variant MX Long Variant L Variant MX Long Variant MX Long Variant MX Long Variant MX Long Variant MX Long Variant XL Variant XL Variant XL Variant XL , da würde auch noch ein viertes Kind reinpassen BMW 7er mit Varinat XL BMW 7er mit Varinat XL BMW 7er mit Varinat XL BMW 7er mit Varinat XL"
"3864","2020-01-01","internetbasiert","32-210. isover.ch, 2020-01-01","https://www.isover.ch/de/solutions/32-210","[...] Description Unité 1 Unité 2 Variant 1 Variant 2 Variant 3 Variant 4 Variant 5 Variant 6 Zementestrich d [mm] 70 70 100 100 ISOCALOR d [mm] 32 43 32 43 Wärmeschutz im Winter Wärmedurchgangskoeffizient U [W/(m2 K)] 0.86 0.68 0.86 0.68 Wärmeschutz im Sommer Wärmespeicherfähigkeit (mit Rsi) κi,oben [Wh/m2 K)] 13 13 13 13 Wärmespeicherfähigkeit (mit Rsi) κi,unten [Wh/m2 K)] 19 19 19 19 Schalldämmung Bewertetes Schalldämm-Mass Rw [dB] 62 62 62 62 Spektrum-Anpassungswerte (C;Ctr) [...]"
"3865","2018-09-12","internetbasiert","Plisago. besau-marguerre.de, 2018-09-12","https://www.besau-marguerre.de/fuerstenberg/","The side table will be available from summer 2018 in classic white and a coloured variant."
"3866","2020-08-03","internetbasiert","Variant 3321 P6 | 615x205cm - 3,5t | Multitransporter - Hochlader. PKW-Anhänger kaufen bei P+P Anhängercenter | Wohnmobil Vermietung & Anhängervermietung, 2020-08-03","http://www.ppanhaengercenter.com/store/p829/Variant-3321P6-Hochlader-Tridem-Pkw-Anhaenger.html","Hersteller: Variant"
"3867","2019-03-03","internetbasiert","Siemens Schweiz: Neue IoT-Datenplattform vereinfacht Einstieg in cloudbasiertes Energiemanagement. 0800hardware.de, 2019-03-03","http://0800hardware.de/siemens-schweiz-neue-iot-datenplattform-vereinfacht-einstieg-in-cloudbasiertes-energiemanagement/","The ease of use of a Nano board with the addition of secure IoT and BT connectivity Small (45mm x 18mm), robust and powerful board; 3.3V variant of the Nano family."
"3868","2020-05-01","internetbasiert","Tuning-deal Frontspoiler passend für VW Passat 3C für Variante und Limousine. Tuning-deal.de, 2020-05-01","https://tuning-deal.de/shop/tuning-deal-spoiler-passend-fuer-vw-passat-3c-frontspoiler-tuning-optik-passend-fuer-variante-und-limousine/","passend auf Passat 3C Variant und die Limousine Neu, ungrundiert und unlackiert hergestellt aus hochwertigem Gfk (Glasfaserverbundstoff) erstklassige Oberflächenstruktur die eine günstige Lackierung ermöglicht wird gegen den Serien-St"
"3869","2020-01-01","internetbasiert","Koch Deckelanhänger 105x205cm Höhe:80cm 750kg|Typ U2. Koch Anhängerwerke, 2020-01-01","https://www.kochanhaengerwerke.de/koch-anhaenger/deckel-anhaenger/koch-deckelanhaenger-105x205cm-hoehe-80cm-750kg-typ-u2","Variant Heckkipper Variant 168x320cm 2,7t | E-Pumpe | Rampen | Gitter | Aktion"
"3870","2018-03-09","internetbasiert","Happy Birthday // Mein Blog wird 1 Jahr und das wird gefeiert + Verlosung - Mädchenmutter. Mädchenmutter, 2018-03-09","https://maedchenmutter.de/happy-birthday-mein-blog-wird-1-jahr-und-das-wird-gefeiert/","ich backe gerne cupcakes,hübsch verziert in allen möglichen geschmacksrichtungen und mit verschiedenen toppings,was kuchen angeht mag ich gerne rührkuchen ebenfalls in allen möglichen varianten"
"3871","2020-09-13","internetbasiert","Hive Blockchain - Woher kommt das Geld?. Hatoto.de, 2020-09-13","https://hatoto.de/hive-blockchain-woher-kommt-das-geld-2/","In diesem Artikel habe ich lediglich die grundsätzlichen varianten aufgelistet."
"3872","2020-01-01","internetbasiert","overload schamane - Hearthstone Deck-Guide. HearthstoneHeroes.de, 2020-01-01","https://www.hearthstoneheroes.de/decks/overload-schamane-2/","variante des overload schamane zum testen"
"3873","2019-01-01","internetbasiert","Original Aluminium Felge VW | Top-Preis: 1.104,90 €. Top-Preis: 1.104,90 €, 2019-01-01","https://www.basenio.de/guenstig-kaufen/original-aluminium-felge-vw-57193/_golf-7/","[...] BA5 1.6 1598 ccm, 81 KW, 110 PS VW Golf VII Variant 2013/05-2019/12 BA5 1.6 TDI 1598 ccm, 66 KW, 90 PS VW Golf VII Variant 2016/11-2019/12 BA5 1.6 TDI 1598 ccm, 85 KW, 115 PS VW Golf VII Variant 2013/05-2019/12 BA5 1.6 TDI 1598 ccm, 81 KW, 110 PS VW Golf VII Variant 2013/05-2019/12 BA5 1.6 TDI 1598 ccm, 77 KW, 105 PS VW Golf VII Variant 2013/05-2019/12 BA5 1.6 TDI 4motion 1598 ccm, 77 KW, 105 PS VW Golf VII Variant 2013/05-2019/12 BA5 1.6 TDI 4motion 1598 ccm, 81 KW, 110 PS VW Golf VII Variant 2015/05-2019/12 BA5 1.0 TSI 999 ccm, 85 KW, 115 PS VW Golf VII Variant 2016/11-2019/12 BA5 1.0 TSI 999 ccm, 81 KW, 110 PS VW Golf VII Variant 2015/01-2019/12 BA5 2.0 GTD 1968 ccm, 135 KW, 184 PS VW Golf VII Variant 2015/03-2019/12 BA5 2.0 R 4motion 1984 ccm, 206 KW, 280 PS VW Golf VII Variant 2015/03-2019/12 BA5 2.0 R 4motion 1984 ccm, 221 [...]"
"3874","2020-06-05","internetbasiert","VW Arteon - Erster Ausblick auf Nummer zwei - NewCarz.de. NewCarz.de, 2020-06-05","https://www.newcarz.de/2020/06/05/vw-arteon-erster-ausblick-auf-nummer-zwei/","Als dieser verbindet er die Dynamik eines Gran Turismo mit der Flexibilität eines Variant."
"3875","2018-07-23","internetbasiert","Kontaktformular. Gebrauchtwagen - Autohaus A. Gotzen GmbH & Co. KG, 2018-07-23","https://www.autohaus-gotzen.de/znpb_template_mngr/gebrauchtwagen/","Volkswagen Golf VIII Variant 2.0 TDI Life Navi LED AHK"
"3876","2019-03-03","internetbasiert","Diablo-Entwickler gibt Anthem Tipps zum Loot - Fans sagen: Hört auf ihn!. Mein-MMO.de, 2019-03-03","https://mein-mmo.de/anthem-diablo-3-entwickler-tipps/","Gerade bei einem so breitem Spektrum an varianten wie es eben in diesem Genre der Action MMOs vorkommen kann, brauch man das."
"3877","2020-06-24","internetbasiert","Hundebox geneigte Rückseite schwarz. gonser.ch, 2020-06-24","https://www.gonser.ch/alu-hundebox-mit-geneigter-rueckseite-gross/a-2877/","Juste domage que il n y aie pas une variante du meme produit mais juste 10 cm plus haut pour le confort de nos chien"
"3878","2018-11-25","internetbasiert","Eierlikör Rezept - schnell gemacht, ein tolles Geschenk!. Herzelieb, 2018-11-25","https://herzelieb.de/selbstgemachter-eierlikoer-rezept/","eine alkoholfreie variante wäre auch mal super"
"3879","2019-04-15","internetbasiert","CAM-Studie: E-Fahrzeuge zeigen im ersten Quartal 2019 eine hohe Dynamik. ecomento.de, 2019-04-15","https://ecomento.de/2019/04/15/cam-studie-elektromobilitaet-q1-2019/","Deshalb freigabe der bestellung der SR-varianten = teure varianten lasten die produktion nicht mehr aus."
"3880","2018-08-25","internetbasiert","Humus aufbauen, Fruchtfolge auflockern, Nährstoffe fixieren... - Bauer Willi. Bauer Willi, 2018-08-25","https://www.bauerwilli.com/humus-aufbauen-fruchtfolge-auflockern-naehrstoffe-fixieren/","1. zum thema „willi macht es schon immer“ viele haben es schon lange gemacht, hauptsächlich aber die zuckerrüben anbauer, mit ölrettig um die nemathoden zu bekämpfen. mit einführung des greenings wurden alle dazu gezwungen etwas zu tun, das muss nicht wie bei willi eine zwischenfrucht sein, da gibts auch andere möglichkeiten, die zwischenfrucht ist meiner meinung nach die einfachste und sinnfollste variante, sie muss allerdings immer eine mischung aus verschiedenen pflanzen sein."
"3881","2019-10-24","internetbasiert","Raketen Torte - Rezept - Lieblingsgeschmack.de. Lieblingsgeschmack.de - Rezepte Blog und YouTube Kanal - Yvonne zeigt Ihren Lieblingsgeschmack, 2019-10-24","https://lieblingsgeschmack.de/raketen-torte/","Hier könnt ihr eine andere Torten varianten mit dieser Malvorlange finden auf applesandbeavers.com und auch tolle bastle Ideen für die Deko."
"3882","2020-09-07","internetbasiert","Kritik - Der Batman, der Lacht - Horrorthriller von Snyder & Jock -. Renes Nerd Cave, 2020-09-07","https://renesnerdcave.de/batman-der-lacht/","Format: Softcover, Hardcover (Variant)"
"3883","2020-08-03","internetbasiert","Variant 3518 M3 | 300x180cm - 3,5t | Baumaschinen Anhänger mit Blattfederung. PKW-Anhänger kaufen bei P+P Anhängercenter | Wohnmobil Vermietung & Anhängervermietung, 2020-08-03","http://www.ppanhaengercenter.com/store/p615/Variant-3518M3-Baumaschinenanhaenger-Blattfederung.html","Variant 3518 M3 | 300x180cm - 3,5t | Baumaschinentransporter - Blattfederung"
"3884","2020-01-01","internetbasiert","VW Passat Variant Elegance Premium 2.0 TDI SCR 4Motion 240PS DSG | EU Neuwagen | Jütten und Koolen. Jütten und Koolen, 2020-01-01","https://www.juetten-koolen.de/fahrzeuge/eu-neuwagen/VW-Passat-Variant-Elegance-Premium-2.0-TDI-SCR-4Motion-240PS-DSG_29-B5_612","Wissenswertes zum VW Passat Variant Lieferzeit beim Volkswagen Passat Variant Die Lieferzeit beim Volkswagen Passat Variant Neuwagen ist abhängig vom jeweiligen Modell und der Ausstattung."
"3885","2020-08-03","internetbasiert","Variant 3521 P5 | 515x205cm - 3,5t | Hochlader - Hochplane. PKW-Anhänger kaufen bei P+P Anhängercenter | Wohnmobil Vermietung & Anhängervermietung, 2020-08-03","http://www.ppanhaengercenter.com/store/p823/Variant-3521-P5-515-x-205-cm.html","Variant 3521 P5 | 515x205cm - 3,5t | Hochlader - Hochplane"
"3886","2019-05-15","internetbasiert","NAV Finanzbuchhaltung. NavCC Navision Coding & Consulting, 2019-05-15","https://derordersatz.de/nav-finanzbuchhaltung/","Erstellen von G&V, Handelsbilanzen in zig varianten."
"3887","2020-07-27","internetbasiert","Herd Fagor HAF 41 E. forum.electronicwerkstatt.de, 2020-07-27","https://forum.electronicwerkstatt.de/phpBB/Ersatzteile_Reparatur_Haushalt/herd_fagor_haf_41_e-t32082f40_bs0.html","ja danke für den tip, daran habe ich auch schon gedacht, habe ja schon zwei mögliche varianten durch, dh nur noch 14 möglichkeiten."
"3888","2019-02-07","internetbasiert","Tesla startet Model-3-Auslieferung in Europa. ecomento.de, 2019-02-07","https://ecomento.de/2019/02/07/tesla-startet-model-3-auslieferung-in-europa/","Sind das alle varianten die derzeit kostendeckend produziert werden können ?"
"3889","2020-07-28","internetbasiert","""If Europe insists on a hard Brexit, so be it"". Think beyond the obvious, 2020-07-28","https://think-beyondtheobvious.com/stelters-lektuere/if-europe-insists-on-a-hard-brexit-so-be-it/","„Paul Krugman says the UK has been suffering from a variant of the „Dutch Disease“, an over-reliance on finance that drove up pound and hollowed out manufacturing industries."
"3890","2019-05-17","internetbasiert","Warum Warcraft eigentlich gar keine Nachtelfen haben sollte. Mein-MMO.de, 2019-05-17","https://mein-mmo.de/warcraft-keine-nachtelfen-weil-doofe-haare/","Aber ja…immerhin haben wir jetzt die „coolere“ variante auf Ally seite."
"3891","2018-09-28","internetbasiert","enowa AG und iCD. stellen auf der „International SAP Conference for Chemicals“ ihre IoT-Anwendung „Connected Lab“ vor. enowa AG und iCD. stellen auf der „International SAP Conference for Chemicals“ ihre IoT-Anwendung „Connected Lab“ vor, 2018-09-28","http://0800hardware.de/enowa-ag-und-icd-stellen-auf-der-international-sap-conference-for-chemicals-ihre-iot-anwendung-connected-lab-vor/","The ease of use of a Nano board with the addition of secure IoT and BT connectivity Small (45mm x 18mm), robust and powerful board; 3.3V variant of the Nano family."
"3892","2019-12-06","internetbasiert","Lactoseintoleranz (genetischer Nachweis). labor-enders.de, 2019-12-06","https://www.labor-enders.de/2019/12/06/lactoseintoleranz-genetischer-nachweis/","Identification of a variant associated with adult-Type hypolactasia."
"3893","2020-01-01","internetbasiert","Fräsen. RMM Metallbearbeitung GmbH, 2020-01-01","https://www.rmm-metallbearbeitung.de/know-how/fraesen/","[...] btn2_text_color=“#ffffff“ btn2_text_hovercolor=“#333333″ title_font_size=“desktop:18px;“ title_line_ht=“desktop:28px;“ btn_border_radius=“2″ btn1_heading_style=“font-weight:700;“ btn2_heading_style=“font-weight:700;“ css_dualbtn_design=“.vc_custom_1581678130098{margin-top: 0px !important;margin-bottom: 0px !important;padding-top: 0px !important;padding-bottom: 0px !important;}“ btn_width=“250″ btn1_font_family=“font_family:Roboto|font_call:Roboto|variant:700″ btn2_font_family=“font_family:Roboto|font_call:Roboto|variant:700″][/vc_column][/vc_row][vc_row equal_height=“yes“ bg_type=“bg_color“ bg_override=“full“ css=“.vc_custom_1572950423405{border-top-width: 50px !important;padding-bottom: 50px !important;}“][vc_column][vc_column_text css=“.vc_custom_1581677490237{margin-top: 30px !important;}“]Mehr als 1.000 m2 Produktionsfläche mit modernstem Maschinenpark und 20 qualifizierten Fachkräften machen uns somit zu einem produktiven und zuverlässigen Partner. [...]"
"3894","2019-08-22","internetbasiert","Einzelteilfertigung - AL-Metall. AL Metalltechnik GmbH & Co. KG, 2019-08-22","https://www.al-metall.com/fertigung/einzelteilfertigung/","Für unsere Kunden fertigen und liefern wir hochwertige Normteile, Gleichteile, variante Teile und vieles mehr."
"3895","2020-08-03","internetbasiert","Variant 3521 P5 | 515x205cm - 3,5t | Hochlader - Hochplane. PKW-Anhänger kaufen bei P+P Anhängercenter | Wohnmobil Vermietung & Anhängervermietung, 2020-08-03","http://www.ppanhaengercenter.com/store/p823/Variant-3521-P5-515-x-205-cm.html","Variant 3521 P5 | 515x205cm - 3,5t | Hochlader - Hochplane"
"3896","2019-01-01","internetbasiert","Wissenswertes für Ihre Portugal-Reise. portugal-reiseprofi.de, 2019-01-01","https://www.portugal-reiseprofi.de/informationen-portugal/wissenswertes/","Vilar Formoso (Grenze); A29/IC1: Miramar – Angeja - Lisboa Região (Pinhal Interior): A13/IC3: Atalaia – Tomar - Lisboa Região (Litoral oeste): A8/IC36: Variante Sul de Leiria; A19/IC2: Variante da Batalha -"
"3897","2019-07-01","internetbasiert","CCXP Cologne - Ein Fest für Nerds! - Renes Nerd Cave. Renes Nerd Cave, 2019-07-01","https://renesnerdcave.de/ccxp-cologne/","So habe ich die Chance ergriffen und mir neben meiner Ausgabe von Before Watchmen: Rorschach eines meiner Batman Variant Covers von ihm signieren lassen."
"3898","2018-02-15","internetbasiert","Oracle erweitert IoT Cloud um Industrie 4.0-Funktionen. Oracle erweitert IoT Cloud um Industrie 4.0-Funktionen, 2018-02-15","http://0800hardware.de/oracle-erweitert-iot-cloud-um-industrie-4-0-funktionen/","The ease of use of a Nano board with the addition of secure IoT and BT connectivity Small (45mm x 18mm), robust and powerful board; 3.3V variant of the Nano family."
"3899","2019-05-14","internetbasiert","Tolle deko für die Firmenfeier || HUADLING Buttons. HUADLING, 2019-05-14","https://huadling.de/individuell/firmenfeier-deko/","Button varianten: Classic, Soft touch, Metallic, Neon, Leuchtend im dunklen"
"3900","2019-03-27","internetbasiert","Geolokalisierung per IoT: Neuer LoRa-Cloud-Dienst verfügbar. 0800hardware.de, 2019-03-27","http://0800hardware.de/geolokalisierung-per-iot-neuer-lora-cloud-dienst-verfuegbar/","Small (45mm x 18mm), robust and powerful board; 3.3V variant of the Nano family."
"3901","2018-01-25","internetbasiert","Weltweite Nutzerorganisation für offene IoT-Plattform MindSphere gegründet. 0800hardware.de, 2018-01-25","http://0800hardware.de/weltweite-nutzerorganisation-fuer-offene-iot-plattform-mindsphere-gegruendet/","The ease of use of a Nano board with the addition of secure IoT and BT connectivity Small (45mm x 18mm), robust and powerful board; 3.3V variant of the Nano family."
"3902","2018-08-12","internetbasiert","3D Druck - EQ5 Goto Nema17 Motor Bracket Set. 3d-loewe.de, 2018-08-12","https://www.3d-loewe.de/p/eq5-goto-nema17-motor-bracket-set","Variante 4: RA base"
"3903","2019-01-01","internetbasiert","Original Aluminium Felge VW | Top-Preis: 1.104,90 €. Top-Preis: 1.104,90 €, 2019-01-01","https://www.basenio.de/guenstig-kaufen/original-aluminium-felge-vw-57193/_golf-7/","[...] BA5 1.4 TSI MultiFuel 1395 ccm, 92 KW, 125 PS VW Golf VII Variant 2013/04-2019/12 BA5 1.4 TSI MultiFuel 1395 ccm, 90 KW, 122 PS VW Golf VII Variant 2014/05-2019/12 BA5 1.6 1598 ccm, 81 KW, 110 PS VW Golf VII Variant 2013/05-2019/12 BA5 1.6 TDI 1598 ccm, 66 KW, 90 PS VW Golf VII Variant 2016/11-2019/12 BA5 1.6 TDI 1598 ccm, 85 KW, 115 PS VW Golf VII Variant 2013/05-2019/12 BA5 1.6 TDI 1598 ccm, 81 KW, 110 PS VW Golf VII Variant 2013/05-2019/12 BA5 1.6 TDI 1598 ccm, 77 KW, 105 PS VW Golf VII Variant 2013/05-2019/12 BA5 1.6 TDI 4motion 1598 ccm, 77 KW, 105 PS VW Golf VII Variant 2013/05-2019/12 BA5 1.6 TDI 4motion 1598 ccm, 81 KW, 110 PS VW Golf VII Variant 2015/05-2019/12 BA5 1.0 TSI 999 ccm, 85 KW, 115 PS VW Golf VII Variant 2016/11-2019/12 BA5 1.0 TSI 999 ccm, 81 KW, 110 PS VW Golf VII Variant 2015/01-2019/12 BA5 2.0 GTD 1968 ccm, 135 KW, [...]"
"3904","2019-05-24","internetbasiert","Passat Variant | Volkswagen Modelle | Voets Autozentrum. Voets Autozentrum Magdeburg, 2019-05-24","https://www.voets-magdeburg.de/unsere-modelle/volkswagen-passat-variant/","Klar gestaltet und dennoch mit hochwertigen Details ausgestattet, überzeugt der Passat Variant auf den ersten Blick."
"3905","2019-10-01","internetbasiert","inkludierte Tests im CatCheck - FERAGEN. FERAGEN GmbH, 2019-10-01","https://feragen.at/catcheck/inkludierte-tests-im-catcheck/","Lyons LA, Erdman CA, Grahn RA, Hamilton MJ, Carter MJ, Helps CR, Alhaddad H, Gandolfi B. Aristaless-Like Homeobox protein 1 (ALX1) variant associated with craniofacial structure and frontonasal dysplasia in Burmese cats."
"3906","2020-10-05","internetbasiert","Bodenarbeitsseil Dünn - Prices from 51.60 to 58.75. Bataliru, 2020-10-05","https://bataliru.de/products/bodenarbeitsseil-dunn-prices-from-51-60-to-58-75","[...] Variant for price 53.6 Variant for price 53.7 Variant for price 54.1 Variant for price 54.2 Variant for price 54.55 Variant for price 54.65 Variant for price 54.75 Variant for price 55.15 Variant for price 55.25 Variant for price 55.6 Variant for price 55.7 Variant for price 56.2 Variant for price 56.65 Variant for price 56.75 Variant for price 57.25 Variant for price 57.7 Variant for price 58.75 Variant for price 51.6 Variant for price 52 Variant for price 52.1 Variant for price 52.2 Variant for price 52.45 Variant for price 52.55 Variant for price 52.65 Variant for price 53.05 Variant for price 53.15 Variant for price 53.25 Variant for price 53.5 Variant for price 53.6 Variant for price 53.7 Variant for price 54.1 Variant for price 54.2 Variant for price 54.55 Variant for price 54.65 Variant for price 54.75 Variant for price 55.15 Variant for price 55.25 Variant for price 55.6 Variant for price 55.7 Variant for price 56.2 Variant for price 56.65 Variant for price 56.75 Variant for price 57.25 Variant for price 57.7 Variant for price 58.75 In den Einkaufswagen legen Teilen Auf Facebook teilen Twittern Auf Twitter twittern Pinnen Auf Pinterest pinnen Teilen Auf Facebook teilen Twittern [...]"
"3907","2020-01-01","internetbasiert","Brenderup Dreiseitenkipper TT5325-3500 180x325 3,5t|E-Pumpe. Koch Anhängerwerke, 2020-01-01","https://www.kochanhaengerwerke.de/kipper/3-seitenkipper/brenderup-dreiseitenkipper-tt5325-3500-180x325-3-5t-e-pumpe","Variant Heckkipper Variant 168x320cm 2,7t | E-Pumpe | Rampen | Gitter | Aktion"
"3908","2019-05-28","internetbasiert","HYLIFE Kinderautositz ⋆ Jetzt registrieren und sparen ⋆ nachfolger.com. Nachfolger Gmbh, 2019-05-28","https://www.nachfolger.com/hylife/","zwei varianten"
"3909","2018-02-06","internetbasiert","VBA: Datenfelder und Arrays. Clevercalcul, 2018-02-06","https://clevercalcul.wordpress.com/2018/02/06/vba-datenfelder-und-arrays/","In der Deklaration legst du fest, dass das Array sieben Elemente und den Datentyp Variant haben soll."
"3910","2019-09-25","internetbasiert","Veranstaltungen & Kontakt - CADBAS GmbH. CADBAS GmbH, 2019-09-25","https://www.cadbas.de/veranstaltungen-kontakt/","Die Smart Variant CON ist die größte deutschsprachige Konferenz zum Thema Produktvarianz und Komplexitätsmanagement."
"3911","2019-12-19","internetbasiert","Haba Kuschelpuppe individuell bestickt mit Name | Kinderhaus Blaubär. kinderhaus-blaubaer.de, 2019-12-19","https://www.kinderhaus-blaubaer.de/haba-kuschelpuppe-individuell-bestickt-mit-name_34394_53984","[...] { _tsRatingConfig = { tsid : 'X0C74C395F78C2D0663798C126CCFC286', element : '#ts_review_sticker', variant : 'testimonial', reviews : '5', betterThan : '3.0', richSnippets : 'on', backgroundColor : '#FFDC0F', linkColor : '#000000', quotationMarkColor : '#FFFFFF', fontFamily : 'Arial', reviewMinLength : '10' }; var scripts = document.getElementsByTagName('SCRIPT'), me = scripts[scripts.length - 1]; var _ts = document.createElement('SCRIPT'); _ts.type = 'text/javascript'; _ts.async = true; _ts.src = '//widgets.trustedshops.com/reviews/tsSticker/tsSticker.js'; me.parentNode.insertBefore(_ts, me); _tsRatingConfig.script = _ts; })(); [...]"
"3912","2020-12-02","internetbasiert","rosé days, rosé nights - Die alte Druckerei. Die alte Druckerei, 2020-12-02","https://die-alte-druckerei.de/product/rose-days-rose-nights/","im paket inkludiert sind ein saftiger rosé aus der pfalz in deutschland, sowie ein paar stabkerzen, in unterschiedlichsten farben und varianten – also alles was das mädchen herz begehrt."
"3913","2018-01-06","internetbasiert","8K, IoT und Elektroautos auf der CES: Las Vegas zeigt, was uns dieses Jahr erwartet. 0800hardware.de, 2018-01-06","http://0800hardware.de/8k-iot-und-elektroautos-auf-der-ces-las-vegas-zeigt-was-uns-dieses-jahr-erwartet/","The ease of use of a Nano board with the addition of secure IoT and BT connectivity Small (45mm x 18mm), robust and powerful board; 3.3V variant of the Nano family."
"3914","2020-08-03","internetbasiert","Variant 2700 U4 | 420x210cm - 2,7t | Kippbarer Multitransporter - Hochlader Anhänger. PKW-Anhänger kaufen bei P+P Anhängercenter | Wohnmobil Vermietung & Anhängervermietung, 2020-08-03","http://www.ppanhaengercenter.com/store/p613/Variant-2700U4-Kippbarer-Hochlader-Anhaenger.html","Variant Kippbare Anhänger"
"3915","2018-02-13","internetbasiert","Anschreiben-Anpassung. CV COACH Deutschland GmbH, 2018-02-13","https://www.cv-coach.de/bewerbungsschreiben/anpassung/","_tsRatingConfig = { tsid: ‘X8245FAF7D18E2B92864491240A48BCCA’, variant: ‘vertical’, // valid values: ‘skyscraper_vertical’, ‘skyscraper_horizontal’, vertical theme: ‘light’, reviews: 4, // default = 10 borderColor:"
"3916","2019-05-13","internetbasiert","Samsung Galaxy Note 10 - 64MP Kamera-Sensor kommt leider nicht. Testberichte, News, Tablets & Smartphones, 2019-05-13","https://www.appdated.de/2019/05/samsung-galaxy-note-10-soll-noch-ohne-den-neuen-64mp-kamera-sensor-kommen/","It’s possible that this might be the 5G variant of the next Galaxy Note."
"3917","2020-12-17","internetbasiert","Keine Impfexperimente in NRW. Schariagegner, 2020-12-17","https://schariagegner.wordpress.com/2020/12/17/keine-impfexperimente-in-nrw/","Daarnaast is deze variant van het virus moeilijker detecteerbaar (…) Volgens de Britse premier Boris Johnson is de nieuwe variant tot 70 procent meer besmettelijk."
"3918","2020-01-01","internetbasiert","Ford Focus: Erfolgreicher Verkaufsstart für den Kompaktwagen. BlogAuto.de, 2020-01-01","http://www.blogauto.de/ford-focus-erfolgreicher-verkaufsstart-fur-den-kompaktwagen/","Im Jahr darauf wird eine solche Absatzzahl auch deutlich schwerer werden, denn im Jahr 2012 bringt VW den neuen Golf VIII. Genauer gesagt im September 2012 das Steilheck und kurze Zeit später die Kombi-Version Variant und den Golf Plus."
"3919","2018-07-29","internetbasiert","Samsung Galaxy S10 – Es wird definitiv kein Notch-Design. Testberichte, News, Tablets & Smartphones, 2018-07-29","https://www.appdated.de/2018/07/samsung-galaxy-s10-es-wird-definitiv-kein-notch-design/","According to The Bell, the most powerful Galaxy S10 variant, the Galaxy S10 Plus, will ship with a 6.44-inch display*, while the entry-level model may sport a 5-inch panel."
"3920","2018-06-01","internetbasiert","Ein eigener Ankleideraum: der Traum vieler Bauherren und ganz leicht umsetzbar. Hanse Haus, 2018-06-01","https://www.hanse-haus.ch/de/architektur/hausaustattung-bemusterung/einbaumoebel/","In einigen unserer Musterhäuser, beispielsweise bei der Villa 169 oder beim Variant 192 können Sie einige Vorschläge für eine Planung mit eigenem Ankleideraum live erleben."
"3921","2020-08-03","internetbasiert","Variant 3500 U5 | 520x210cm - 3,5t | Kippbarer Multitransporter - Hochlader Anhänger. PKW-Anhänger kaufen bei P+P Anhängercenter | Wohnmobil Vermietung & Anhängervermietung, 2020-08-03","http://www.ppanhaengercenter.com/store/p612/Variant-3500U5-Kippbarer-Hochlader-Anhaenger.html","Variant 3500 U5 | 520x210cm - 3,5t | Kippbarer Multitransporter - Hochlader"
"3922","2020-01-01","internetbasiert","Serienfertigung. RMM Metallbearbeitung GmbH, 2020-01-01","https://www.rmm-metallbearbeitung.de/know-how/serienfertigung/","[...] btn2_text_color=“#ffffff“ btn2_text_hovercolor=“#333333″ title_font_size=“desktop:18px;“ title_line_ht=“desktop:28px;“ btn_border_radius=“2″ btn1_heading_style=“font-weight:700;“ btn2_heading_style=“font-weight:700;“ css_dualbtn_design=“.vc_custom_1581678130098{margin-top: 0px !important;margin-bottom: 0px !important;padding-top: 0px !important;padding-bottom: 0px !important;}“ btn_width=“250″ btn1_font_family=“font_family:Roboto|font_call:Roboto|variant:700″ btn2_font_family=“font_family:Roboto|font_call:Roboto|variant:700″][/vc_column][/vc_row][vc_row equal_height=“yes“ bg_type=“bg_color“ bg_override=“full“ css=“.vc_custom_1572950423405{border-top-width: 50px !important;padding-bottom: 50px !important;}“][vc_column][vc_column_text css=“.vc_custom_1581677490237{margin-top: 30px !important;}“]Mehr als 1.000 m2 Produktionsfläche mit modernstem Maschinenpark und 20 qualifizierten Fachkräften machen uns somit zu einem produktiven und zuverlässigen Partner. [...]"
"3923","2020-05-13","internetbasiert","Regale Tische Bestenliste - Wohnkultur. Wohnkultur, 2020-05-13","https://wohnkultur.de/regale-tische-bestenliste-2/","Bestseller Nr. 5 53 Bewertungen FMD Möbel 205-007 TV/Hifi-Regal Variant 7, 65 x 85 x 40 cm, eiche Made in GermanyHohe Kratzfestigkeit durch MelaminharzbeschichtungDie graphische Aufbauanleitung führt Sie Schritt für Schritt zu Ihrem neuen Schmuckstück.Die Lieferung erfolgt zerlegt und kartonverpackt.Im Lieferumfang ist das gezeigte Dekorationsmaterial nicht enthalten."
"3924","2018-07-30","internetbasiert","Vodafone: Halbzeit beim Narrowband-IoT-Ausbau. 0800hardware.de, 2018-07-30","http://0800hardware.de/vodafone-halbzeit-beim-narrowband-iot-ausbau/","The ease of use of a Nano board with the addition of secure IoT and BT connectivity Small (45mm x 18mm), robust and powerful board; 3.3V variant of the Nano family."
"3925","2018-01-15","internetbasiert","Google: Retpoline schützt Cloud-Anwendungen vor „Spectre Variant 2“ ohne Leistungsverlust. Caschysblog, 2018-01-15","https://stadt-bremerhaven.de/google-retpoline-schuetzt-cloud-anwendungen-vor-spectre-variant-2-ohne-leistungsverlust/","Google: Retpoline schützt Cloud-Anwendungen vor „Spectre Variant 2“ ohne Leistungsverlust"
"3926","2019-01-01","internetbasiert","Original Aluminium Felge VW | Top-Preis: 1.104,90 €. Top-Preis: 1.104,90 €, 2019-01-01","https://www.basenio.de/guenstig-kaufen/original-aluminium-felge-vw-57193/_golf-7/","[...] 1598 ccm, 66 KW, 90 PS VW Golf VII Variant 2016/11-2019/12 BA5 1.6 TDI 1598 ccm, 85 KW, 115 PS VW Golf VII Variant 2013/05-2019/12 BA5 1.6 TDI 1598 ccm, 81 KW, 110 PS VW Golf VII Variant 2013/05-2019/12 BA5 1.6 TDI 1598 ccm, 77 KW, 105 PS VW Golf VII Variant 2013/05-2019/12 BA5 1.6 TDI 4motion 1598 ccm, 77 KW, 105 PS VW Golf VII Variant 2013/05-2019/12 BA5 1.6 TDI 4motion 1598 ccm, 81 KW, 110 PS VW Golf VII Variant 2015/05-2019/12 BA5 1.0 TSI 999 ccm, 85 KW, 115 PS VW Golf VII Variant 2016/11-2019/12 BA5 1.0 TSI 999 ccm, 81 KW, 110 PS VW Golf VII Variant 2015/01-2019/12 BA5 2.0 GTD 1968 ccm, 135 KW, 184 PS VW Golf VII Variant 2015/03-2019/12 BA5 2.0 R 4motion 1984 ccm, 206 KW, 280 PS VW Golf VII Variant 2015/03-2019/12 BA5 2.0 R 4motion 1984 ccm, 221 KW, 300 PS VW Golf VII Variant 2016/09-2019/12 BA5 2.0 R 360S 4motion 1984 ccm, [...]"
"3927","2018-04-23","internetbasiert","Volkswagen: Modelle mit alternativen Antrieben und Kraftstoffen. GreenGear.de, 2018-04-23","https://www.greengear.de/elektroautos-hybridautos-modelle-autos-autogas-erdgas/volkswagen-vw-alternative-antriebe-und-kraftstoffe/","[...] 1,4-l-TGI Blue Motion DSG Erdgas (CNG) VW eco load up! Erdgas (CNG) VW e-Golf (vor Facelift) Elektroauto (EV) VW e-load up! Elektroauto (EV) VW e-up! (18,7 kWh Batterie) Elektroauto (EV) VW Golf TGI BlueMotion Erdgas (CNG) VW Golf TGI BlueMotion Erdgas (CNG) VW Golf TGI BlueMotion DSG Erdgas (CNG) VW Golf Variant TGI BlueMotion Erdgas (CNG) VW Golf Variant TGI BlueMotion DSG Erdgas (CNG) VW Passat GTE Plug-In-Hybridauto (PHEV) Benzin-Elektro VW Passat GTE Variant Plug-In-Hybridauto (PHEV) Benzin-Elektro VW Polo TGI BlueMotion Erdgas (CNG) [...]"
"3928","2020-01-01","internetbasiert","Variant Heckkipper TR 3500 XL7 170x360x110cm 3,5t. Koch Anhängerwerke, 2020-01-01","https://www.kochanhaengerwerke.de/kipper/rueckwaertskipper/variant-heckkipper-tr-3500-xl7-170x360x110cm-3-5t","Variant Heckkipper Variant 168x320cm 2,7t | E-Pumpe | Rampen | Gitter | Aktion"
"3929","2019-02-11","internetbasiert","schnittmuster. SKADI | SHIRT. Schwalbenliebe, 2019-02-11","https://www.schwalbenliebe.com/products/shirt-skadi","HJARTA art. digitaler Schnitt, PDF-Anleitung & Schnitt oder Papierschnitt varianten."
"3930","2018-08-23","internetbasiert","S111: Samsung stellt NB-IoT-Chip vor. 0800hardware.de, 2018-08-23","http://0800hardware.de/s111-samsung-stellt-nb-iot-chip-vor/","Small (45mm x 18mm), robust and powerful board; 3.3V variant of the Nano family."
"3931","2020-01-01","internetbasiert","25-310. isover.ch, 2020-01-01","https://www.isover.ch/de/solutions/25-310","[...] Description Unité 1 Unité 2 Variant 1 Variant 2 Variant 3 Variant 4 Variant 5 Variant 6 Gipsplatte GKB, Typ A d [mm] – – – 12.5 12.5 12.5 Gipsplatte GKB, Typ A d [mm] 12.5 12.5 12.5 12.5 12.5 12.5 Metallständer CW/UW 50 mm h [mm] 50 – – 50 – – Metallständer CW/UW 75 mm h [mm] – 75 – – 75 – Metallständer CW/UW 100 mm h [mm] – – 100 – – 100 ISOVOX d [mm] 45 60 80 45 60 80 Wärmeschutz im Sommer Wärmespeicherfähigkeit (mit Rsi) κi [Wh/m2 K)] 3 3 3 6 6 6 Schalldämmung Bewertetes Schalldämm-Mass Rw [dB] 42 44 47 51 54 56 Spektrum-Anpassungswerte (C;Ctr) [...]"
"3932","2019-11-28","internetbasiert","Volkswagen Golf Variant MFH Mehrmarken Fahrzeughandel - Neuwagenvermittlung-24. Osna-Autos, 2019-11-28","https://www.mfh-autos.de/liste-volkswagen-golf-variant-a__46671_alle.php","Volkswagen Golf Variant 8 Style 1,5 eTSI DSG 96KW ACC Winter 2023 Bestellung ab Werk"
"3933","2020-01-01","internetbasiert","Schleifen. RMM Metallbearbeitung GmbH, 2020-01-01","https://www.rmm-metallbearbeitung.de/know-how/schleifen/","[...]“#ffffff“ btn1_text_color=“#ffffff“ btn1_text_hovercolor=“#333333″ btn2_text_color=“#ffffff“ btn2_text_hovercolor=“#333333″ title_font_size=“desktop:18px;“ title_line_ht=“desktop:28px;“ btn_border_radius=“2″ btn1_heading_style=“font-weight:700;“ btn2_heading_style=“font-weight:700;“ css_dualbtn_design=“.vc_custom_1581678130098{margin-top: 0px !important;margin-bottom: 0px !important;padding-top: 0px !important;padding-bottom: 0px !important;}“ btn_width=“250″ btn1_font_family=“font_family:Roboto|font_call:Roboto|variant:700″ btn2_font_family=“font_family:Roboto|font_call:Roboto|variant:700″][/vc_column][/vc_row][vc_row equal_height=“yes“ bg_type=“bg_color“ bg_override=“full“ css=“.vc_custom_1572950423405{border-top-width: 50px !important;padding-bottom: 50px !important;}“][vc_column][vc_column_text css=“.vc_custom_1581677490237{margin-top: 30px !important;}“]Mehr als 1.000 m2 Produktionsfläche mit modernstem Maschinenpark und 20 qualifizierten Fachkräften machen uns somit zu einem produktiven und zuverlässigen Partner. [...]"
"3934","2020-09-21","internetbasiert","Jetzt bestellbar: Der neue VW Golf Variant. Autohaus Stoppanski, 2020-09-21","https://www.stoppanski.de/news/golf-variant-bestellbar/","Zu den Vorteilen der neuen eTSI zählen deutliche Verbrauchseinsparungen, da der Golf Variant wann immer möglich den Turbobenzin-Direkteinspritzer abschaltet und lokal emissionsfrei „segelt“."
"3935","2020-08-01","internetbasiert","Limited Edition Jewellery. sebastianneeb.de, 2020-08-01","https://www.sebastianneeb.de/jewellery/","In the end, a unique variant of the ring is created."
"3936","2019-12-09","internetbasiert","Renault Mégane Grandtour Test mit Fotos und Expertenmeinung.. carwow.de, 2019-12-09","https://www.carwow.de/renault/megane-grandtour","Außerdem bietet er Features, die in der Klasse von Hyundai i30 Kombi, Seat Leon ST und VW Golf Variant noch nicht zum Standard gehören: eine rasant umlegbare Rückbanklehne und einen umklappbaren Beifahrersitz."
"3937","2020-08-12","internetbasiert","Umfrage: Aktuelle E-Auto-Kaufanreize wirken vor allem im Kompakt- und Luxussegment. ecomento.de, 2020-08-12","https://ecomento.de/2020/08/12/aktuelle-elektroauto-kaufanreize-wirken-im-kompakt-und-luxussegment-umfrage/","Mein Traum wäre ja ein ID3 Variant."
"3938","2019-03-01","internetbasiert","TEAM TYGR. beyerdynamic GmbH & Co. KG, 2019-03-01","https://www.beyerdynamic.ch/team-tygr.html","sa2 Solved Variant"
"3939","2019-02-13","internetbasiert","Werksstudentische Tätigkeit im Umfeld Industrie 4.0, IoT, Cloud, Edge, AI. Werksstudentische Tätigkeit im Umfeld Industrie 4.0, IoT, Cloud, Edge, AI, 2019-02-13","http://0800hardware.de/werksstudentische-taetigkeit-im-umfeld-industrie-4-0-iot-cloud-edge-ai/","The ease of use of a Nano board with the addition of secure IoT and BT connectivity Small (45mm x 18mm), robust and powerful board; 3.3V variant of the Nano family."
"3940","2020-05-31","internetbasiert","Nordvpn wartet auf co – Nordvpn : Wie es funktioniert. Bester VPN-Vergleicher, 2020-05-31","http://minecraftopia.de/nordvpn-wartet-auf-co-nordvpn-wie-es-funktioniert/","Nordvpn fritzbox beste performance variante nur auf northvpn hat niemand deine geräte, sondern mit einem flotten und."
"3941","2020-01-01","internetbasiert","Zündleitungssatz. BERU Zündungsteile | BERU – Ihr Experte für Zündungstechnik, 2020-01-01","https://www.beruparts.de/find-my-part/9741434/beru-by-driv/zundung/zundleitungssatz/ze566.pd.html","Marke Variante Motor Aktion {{fitment.make}} {{fitment.variant}} {{fitment.engine_display}}"
"3942","2018-01-16","internetbasiert","Casino euro Erfahrung Vorteilsspiel Bonjour Paris. kielspratineurope.eu, 2018-01-16","https://kielspratineurope.eu/category-euro/17-01-2018-285.php","You may come across this variant of the Finales bet on some online roulette games- the Finales Cheval Plein bet."
"3943","2020-01-01","internetbasiert","Bremsen - Bremsenservice mit Original VW Teilen. Volkswagen Österreich, 2020-01-01","https://www.volkswagen.at/service-zubehoer/volkswagen-original-teile/volkswagen-original-teile-sortiment/bremsen","[...] 12-16 215,- 161,- Polo 03-09 223,- 155,- Polo 10-16 215,- 162,- Golf V 04-09 245,- 196,- Golf VI 09-13 244,- 177,- Golf VII 12-16 284,- 226,- Golf Variant Frontantrieb 10-14 235,- 177,- Golf Variant 4Motion 10-14 266,- 207,- Golf Plus 10-16 257,- 207,- Touran 03-10 245,- 196,- Touran 11-16 257,- 207,- Scirocco 1,4 L Benzin 08-16 257,- 207,- Eos 1,4 L Benzin 08-16 257,- 207,- New Beetle 12-16 257,- 207,- Tiguan 07-16 303,- 224,- Passat 06-09 263,- 204,- Passat 10-14 276,- 216,- Passat 15-16 289,- 204,- Sharan Frontantrieb 03-09 268,- 217,- Sharan 4Motion 03-09 301,- 242,- Sharan 10-16 320,- 259,- Touareg 03-10 598,- 455,- Touareg 11-16 673,- 519,- [...]"
"3944","2019-01-26","internetbasiert","Gefahr für den Golf - Bürstädter Zeitung. BÃ¼rstÃ¤dter Zeitung, 2019-01-26","https://www.buerstaedter-zeitung.de/ratgeber/auto-und-motorrad/autotests/hyundai/gefahr-fur-den-golf_19922481","Der i30 Kombi in der Basisversion mit 73 kW/100 PS kostet übrigens ab 17450 Euro, der billigste Golf Variant (85 kW/115 PS) 22 200 Euro."
"3945","2018-08-12","internetbasiert","3D Druck - Pwnagotchi Gehäuse / Case (14 Varianten). 3d-loewe.de, 2018-08-12","https://www.3d-loewe.de/p/pwnagotchi-gehaeuse-case-14-varianten","Variante P: pwnagotchi waveshare slim pisugar1200"
"3946","2020-01-01","internetbasiert","ZUBEHÖR - CAR HIFI Antennen. Autoteile-Rathenow Autoteile-Premnitz Ersatzteile Neuteile - Automarkt in Rathenow - Premnitz, 2020-01-01","https://www.autoteile-rathenow.de/gebrauchtteile/zubehoer-anbauteile/zubehoer-car-hifi/zubehoer-car-hifi-antennen/","[...] Kundengruppe: Gast Registrieren Anmelden TOP Produkte FORD Explorer 2 - Seitenscheibe hinten links TOP Produkte Barkas B1000 Seitenscheibengummi grosse Scheibe TOP Produkte Renault Twingo I Fensterheber elektrisch rechts mit Motor 7700830597 TOP Produkte Barkas B1000 Vergaser 1 TOP Produkte Rußpartikelfilter Opel Vivaro Combi (J7) 1.9 DTI KBA17115 TOP Produkte VOLVO S60 S70 V70 S80 XC90 XC70 GEBLÄSEREGLER WIDERSTAND LÜFTER 8693262 9171541 TOP Produkte Mercedes W203 Coupe Sitzabdeckung Verkleidung A2039183530 TOP Produkte VW Golf III Variant Tür hinten rechts weiss Farbcode LB9A TOP Produkte Renault Kangoo 98-03 Hecktür links blau Farbcode 432 TOP Produkte Mercedes W203 Sitzabdeckung Verkleidung links A 209 918 4330 TOP Produkte Mercedes C-Klasse 00-05 W203 Xenonscheinwerfer links Fahrerseite 1305235458 TOP Produkte Suzuki Ignis (FH) Limousine 5 Türer Türschloss vorn links ZV Kategorien NEUTEILE (25) GEBRAUCHTTEILE (291) AUDI - Teilekatalog (20) ALFA ROMEO - Teilekatalog BARKAS B1000 - Teilekatalog (49) BMW - Teilekatalog (10) CITRÖN - Teilekatalog (2) FIAT - Teilekatalog (5) FORD - Teilekatalog (14) HONDA Teilekatalog HYUNDAI - Teilekatalog (6) [...]"
"3947","2020-01-01","internetbasiert","VW Vorgängermodelle: Serviceangebote & Infos. Volkswagen Österreich, 2020-01-01","https://www.volkswagen.at/service-zubehoer/vorgaengermodelle","Den Golf Variant finden Sie als R mit Sportwagencharakter oder als BlueMotion mit erheblicher Verbrauchs- und CO₂-Reduktion."
"3948","2019-04-29","internetbasiert","Samsung Galaxy Note 10 - 5G-Modell von US-Netzbetreiber offiziell bestätigt. Testberichte, News, Tablets & Smartphones, 2019-04-29","https://www.appdated.de/2019/04/samsung-galaxy-note-10-verizon-chef-bestaetigt-5g-version/","It’s possible that this might be the 5G variant of the next Galaxy Note."
"3949","2019-05-20","internetbasiert","Überblick zu Android Autoradios mit allen wesentlichen Fakten. Android Autoradio im Test, 2019-05-20","https://www.android-autoradio-im-test.de/index.php/2019/05/20/der-ueberblick-zu-android-autoradios-fuer-alle-neueinsteiger/","ich bin bei der Recherche nach einem neuen Radio für meinen VW Golf 7 Variant auf deine Seite gestoßen."
"3950","2019-06-28","internetbasiert","Esstischgestelle aus Stahl | TischDirekt.de. TischDirekt.de GmbH, 2019-06-28","https://www.tischdirekt.de/tischgestelle/esstischgestelle-aus-stahl/","VARIANTEN _____"
"3951","2018-04-18","internetbasiert","Industrial IoT zum Anfassen auf der Hannover Messe Industrie: Freudenberg IT präsentiert Praxisprojekt am SAP-Partnerstand in Halle 7, Stand A02. 0800hardware.de, 2018-04-18","http://0800hardware.de/industrial-iot-zum-anfassen-auf-der-hannover-messe-industrie-freudenberg-it-praesentiert-praxisprojekt-am-sap-partnerstand-in-halle-7-stand-a02/","The ease of use of a Nano board with the addition of secure IoT and BT connectivity Small (45mm x 18mm), robust and powerful board; 3.3V variant of the Nano family."
"3952","2020-05-21","internetbasiert","Typen gibt's!. industrial-devops.org, 2020-05-21","https://www.industrial-devops.org/typen-gibts/","Soll dynamisch auf Daten, die sich nicht klar definieren lassen, reagiert werden, bietet sich der Datentyp variant an."
"3953","2019-10-28","internetbasiert","mC1 OL-Süd: Überzeugende Teamleistung überrascht den Favoriten aus Hanau. Baggerseepiraten, 2019-10-28","https://baggerseepiraten.de/2019/10/28/mc-1-oberliga-sued-ueberzeugende-teamleistung-ueberrascht-den-favoriten-aus-hanau/","Konzentriert blieben sie am Ball, aufmerksam in der Abwehr, wenig Chancen zulassend und mit variantem reichen Angriffsspiel."
"3954","2019-12-03","internetbasiert","Marvel Legacy Paperback: Avengers: Der letzte Kampf, HC (222), 48,40 €. Marvel Legacy Paperback: Avengers: Der letzte Kampf, HC (222), 48,40 €, 2019-12-03","https://www.merchfox.at/Marvel-Legacy-Paperback-Avengers-Der-letzte-Kampf-HC-222_1","German Format: Hardcover (HC) Limitiert auf: 222 Stück Variantcover: variant Erstveröffentlichung: 03.12.2019 Pages: 396 Autor/s: Al Ewing, Jim Zub, Mark Waid Artists:"
"3955","2020-10-19","internetbasiert","schokomousse himbeertarte. Surfing The Kitchen, 2020-10-19","https://surfingthekitchen.wordpress.com/2020/10/19/schokomousse-himbeertarte/","man muss sie noch dazu nicht backen (aber bitte genug zeit zum durchkühlen einplanen, kann man auch super am vortag machen), das schokomousse ist auch die eher fixe variante und ich bin dabei auf den geschmack der veganen schokokekse gekommen. im supermarkt gabs keine anderen also hab ich die gekauft und war total überrascht wie gut die schmecken. ihr könnt aber natürlich auch andere kekse nehmen wenn euch die lieber sind. wenn ihr so wie ich keine tarteform mit herausnehmbaren boden habt, dann kann man auch gut einen tortenring verwenden."
"3956","2020-03-02","internetbasiert","Odenwälder Sommer Schlafsack Anni light Blättchen TOP | Kinderhaus Blaubär. kinderhaus-blaubaer.de, 2020-03-02","https://www.kinderhaus-blaubaer.de/odenwaelder-sommer-schlafsack-anni-light_34759_56062","[...] { _tsRatingConfig = { tsid : 'X0C74C395F78C2D0663798C126CCFC286', element : '#ts_review_sticker', variant : 'testimonial', reviews : '5', betterThan : '3.0', richSnippets : 'on', backgroundColor : '#FFDC0F', linkColor : '#000000', quotationMarkColor : '#FFFFFF', fontFamily : 'Arial', reviewMinLength : '10' }; var scripts = document.getElementsByTagName('SCRIPT'), me = scripts[scripts.length - 1]; var _ts = document.createElement('SCRIPT'); _ts.type = 'text/javascript'; _ts.async = true; _ts.src = '//widgets.trustedshops.com/reviews/tsSticker/tsSticker.js'; me.parentNode.insertBefore(_ts, me); _tsRatingConfig.script = _ts; })(); [...]"
"3957","2020-02-28","internetbasiert","meine-wiking-welt - 1500 Variant Eckhauber. meine-wiking-welt.eu, 2020-02-28","https://www.meine-wiking-welt.eu/pkw/volkswagen/1500-variant-eckhauber/","VW 1500 Variant Eckhauber 042 A 2004 blaugrau, IE mit integriertem Lenkrad, Stoßstange glatt, Frontscheinwerfer gesilbert, seitlich Aufdruck gelb DB-Emblem,Standard Pkw Räder mit silbernen Riffelkappen, Bodenplatte schwarz, Bodenprägung ""VW"" + ""1500"" + ""WIKING"" + ""GERMANY"" + ""VARIANT"". in Vitrinenbox"
"3958","2020-01-01","internetbasiert","Bremsen - Bremsenservice mit Original VW Teilen. Volkswagen Österreich, 2020-01-01","https://www.volkswagen.at/service-zubehoer/volkswagen-original-teile/volkswagen-original-teile-sortiment/bremsen","[...] 12-16 416,- 325,- Polo 03-09 481,- 358,- Polo 10-16 461,- 354,- Golf V 04-09 534,- 415,- Golf VI 09-13 461,- 334,- Golf VII 12-16 561,- 429,- Golf Variant Frontantrieb 10-12 453,- 325,- Golf Variant 4Motion 10-14 599,- 473,- Golf Plus 10-16 546,- 426,- Touran 03-10 534,- 415,- Touran 11-16 546,- 426,- Scirocco 1,4 L Benzin 08-16 546,- 426,- Eos 1,4 L Benzin 08-16 546,- 426,- New Beetle 12-16 546,- 426,- Tiguan 07-16 640,- 494,- Passat 06-09 603,- 477,- Passat 10-14 616,- 489,- Passat 15-16 630,- 472,- Sharan Frontantrieb 03-09 602,- 473,- Sharan 4Motion 03-09 620,- 489,- Sharan 10-16 705,- 559,- Touareg 03-10 1128,- 888,- Touareg 11-16 1149,- 902,- [...]"
"3959","2018-11-04","internetbasiert","Das Erbe der Macht - Band 1: Aurafeuer (Variant Cover Edition) von Andreas Suchanek. Das Erbe der Macht, 2018-11-04","https://www.erbedermacht.de/lovelybooks_lesepreis_2018_shortlist/erbe1_trans_small/","Zum Inhalt springen Home App E-Books Staffel 1 Staffel 2 Staffel 3 Hardcover Staffel 1 – Schattenchronik Staffel 2 – Schattenloge Staffel 3 – Schattensplitter Hörbuch Fotowand Newsletter Trailer Das Erbe der Macht – Band 1: Aurafeuer (Variant Cover Edition) von Andreas Suchanek Andreas 2018-11-04T13:46:03+01:00 Das Erbe der Macht – Band 1: Aurafeuer (Variant Cover Edition) von Andreas Suchanek Page load link Nach oben"
"3960","2020-08-03","internetbasiert","Variant 3017 TB | 320x168cm - 3t | Dreiseitenkipper Anhänger - Blattfederung - Bordwandaufsatz - Flachplane. PKW-Anhänger kaufen bei P+P Anhängercenter | Wohnmobil Vermietung & Anhängervermietung, 2020-08-03","http://www.ppanhaengercenter.com/store/p798/Variant-3017TB-Dreiseitenkipper-Bordwandaufsatz-Flachplane.html","Variant Dreiseitenkipper"
"3961","2019-12-13","internetbasiert","Auf dem Weg in die Elektromobilität. steve-r.de, 2019-12-13","https://steve-r.de/2019/12/auf-dem-weg-in-die-elektromobilitat/","Auch gebraucht und bei ca. 120.000 km dann abgegeben und ebenfalls wieder einen Passat Variant (bis 140.000 km) und auch danach, 2008, dann meinen Passat Variant (steht aktuell bei knapp 280.000 km), den ich bis heute noch fahre."
"3962","2018-10-26","internetbasiert","Suche. tksoft-online.de, 2018-10-26","http://www.tksoft-online.de/index.php/ms-access/bsp-db-s/bsp-downloads-datum-und-zeit/22-umrechnung-von-unix-timestamp-nach-datum-und-zeit-und-umgekehrt","Public Function GetDateTime_UNIX(ByVal dblSec As Double) As Variant Dim vResult As Variant Dim vStart As Variant On Error Resume Next vStart = DateSerial(1970, 1, 1) vResult = DateAdd(""s"", dblSec, vStart) GetDateTime_UNIX = vResult On Error GoTo 0 End Function"
"3963","2020-06-24","internetbasiert","Stylish! Seltener Anblick des DAIKIN Design-Innengerätes in Blackwood-Optik. Klima-Service Schüssler GmbH, 2020-06-24","https://www.klima-service.de/portfolio-items/stylish-seltener-anblick-des-daikin-design-innengeraetes-in-blackwood-optik/","Ein echter Blickfang ist dieses in einem Wohnzimmer mit angrenzender offener Küche verbaute DAIKIN Designgerät „Stylish“ in der variante Blackwood (schwarze Holzmaßerung)."
"3964","2019-08-14","internetbasiert","Furbo Atomizer Zerstäuber. soulobjects.de, 2019-08-14","https://soulobjects.de/products/furbo-atomizer-zerstauber","This variant is currently sold out."
"3965","2020-01-01","internetbasiert","Qualität. RMM Metallbearbeitung GmbH, 2020-01-01","https://www.rmm-metallbearbeitung.de/qualitaet/","[...] btn2_text_color=“#ffffff“ btn2_text_hovercolor=“#333333″ title_font_size=“desktop:18px;“ title_line_ht=“desktop:28px;“ btn_border_radius=“2″ btn1_heading_style=“font-weight:700;“ btn2_heading_style=“font-weight:700;“ css_dualbtn_design=“.vc_custom_1581678130098{margin-top: 0px !important;margin-bottom: 0px !important;padding-top: 0px !important;padding-bottom: 0px !important;}“ btn_width=“250″ btn1_font_family=“font_family:Roboto|font_call:Roboto|variant:700″ btn2_font_family=“font_family:Roboto|font_call:Roboto|variant:700″][/vc_column][/vc_row][vc_row equal_height=“yes“ bg_type=“bg_color“ bg_override=“full“ css=“.vc_custom_1572950423405{border-top-width: 50px !important;padding-bottom: 50px !important;}“][vc_column][vc_column_text css=“.vc_custom_1581677490237{margin-top: 30px !important;}“]Mehr als 1.000 m2 Produktionsfläche mit modernstem Maschinenpark und 20 qualifizierten Fachkräften machen uns somit zu einem produktiven und zuverlässigen Partner. [...]"
"3966","2020-10-05","internetbasiert","Bodenarbeitsseil Dünn - Prices from 51.60 to 58.75. Bataliru, 2020-10-05","https://bataliru.de/products/bodenarbeitsseil-dunn-prices-from-51-60-to-58-75","[...] €51,60 Angebot inkl. MwSt. zzgl. Versandkosten Title Variant for price 51.6 Variant for price 52 Variant for price 52.1 Variant for price 52.2 Variant for price 52.45 Variant for price 52.55 Variant for price 52.65 Variant for price 53.05 Variant for price 53.15 Variant for price 53.25 Variant for price 53.5 Variant for price 53.6 Variant for price 53.7 Variant for price 54.1 Variant for price 54.2 Variant for price 54.55 Variant for price 54.65 Variant for price 54.75 Variant for price 55.15 Variant for price 55.25 Variant for price 55.6 Variant for price 55.7 Variant for price 56.2 Variant for price 56.65 Variant for price 56.75 Variant for price 57.25 Variant for price 57.7 Variant for price 58.75 Variant for price 51.6 Variant for price 52 Variant for price 52.1 Variant for price 52.2 Variant for price 52.45 Variant for price 52.55 Variant for price 52.65 Variant for price 53.05 Variant for price 53.15 Variant for price 53.25 Variant for price 53.5 Variant for price 53.6 Variant for price 53.7 Variant for price 54.1 Variant for price 54.2 Variant for price 54.55 Variant for price 54.65 Variant for price 54.75 Variant for price 55.15 Variant for price 55.25 Variant [...]"
"3967","2020-04-15","internetbasiert","10 coole Helme. Motorradmagazin, 2020-04-15","https://www.motorrad-magazin.at//motorrad-magazin.at/artikel/1/85/4215/10+coole+Helme+K.OTs+Favoriten","ICON Variant Pro „Construct Stil: Reiseenduro-Helm mit Streetfighter-Genen"
"3968","2018-12-23","internetbasiert","Praktischer Produktionseinsatz von Industrie 4.0 und IoT Projekten bei deutschen und internationalen. Praktischer Produktionseinsatz von Industrie 4.0 und IoT Projekten bei deutschen und internationalen, 2018-12-23","http://0800hardware.de/praktischer-produktionseinsatz-von-industrie-4-0-und-iot-projekten-bei-deutschen-und-internationalen/","The ease of use of a Nano board with the addition of secure IoT and BT connectivity Small (45mm x 18mm), robust and powerful board; 3.3V variant of the Nano family."
"3969","2019-01-01","internetbasiert","Original Aluminium Felge VW | Top-Preis: 1.104,90 €. Top-Preis: 1.104,90 €, 2019-01-01","https://www.basenio.de/guenstig-kaufen/original-aluminium-felge-vw-57193/_golf-7/","[...] BA5 1.2 TSI 1197 ccm, 77 KW, 105 PS VW Golf VII Variant 2013/05-2019/12 BA5 1.2 TSI 1197 ccm, 63 KW, 86 PS VW Golf VII Variant 2014/04-2019/12 BA5 1.2 TSI 1197 ccm, 81 KW, 110 PS VW Golf VII Variant 2013/09-2019/12 BA5 1.4 TGI CNG 1395 ccm, 81 KW, 110 PS VW Golf VII Variant 2014/05-2019/12 BA5 1.4 TSI 1395 ccm, 92 KW, 125 PS VW Golf VII Variant 2014/05-2019/12 BA5 1.4 TSI 1395 ccm, 110 KW, 150 PS VW Golf VII Variant 2013/05-2019/12 BA5 1.4 TSI 1395 ccm, 90 KW, 122 PS VW Golf VII Variant 2014/05-2019/12 BA5 1.4 TSI MultiFuel 1395 ccm, 92 KW, 125 PS VW Golf VII Variant 2013/04-2019/12 BA5 1.4 TSI MultiFuel 1395 ccm, 90 KW, 122 PS VW Golf VII Variant 2014/05-2019/12 BA5 1.6 1598 ccm, 81 KW, 110 PS VW Golf VII Variant 2013/05-2019/12 BA5 1.6 TDI 1598 ccm, 66 KW, 90 PS VW Golf VII Variant 2016/11-2019/12 BA5 1.6 TDI 1598 ccm, 85 KW, 115 PS VW [...]"
"3970","2020-06-01","internetbasiert","Wolf PMS. Hydra Comics, 2020-06-01","https://hydra-comics.de/produkt-kategorie/kuenstler/wolf-pms/","Nr. 2 bis 100: Signatur von Wolf PMS – Kunst, Comic und die seltene Signatur eines talentierten Künstlers Nr. 101 bis 200: Nummeriertes Variant Cover – Kunst, Comic und Gutes tun"
"3971","2019-07-10","internetbasiert","Teamfight Tactics: Mit diesen Strategien gewinnt ihr eure Matches. Mein-MMO.de, 2019-07-10","https://mein-mmo.de/teamfight-tactics-strategien-gewinnt-ihr-matches/","Ich spiele fast ausschließlich variante 2 und fahre damit insgesammt sehr gut."
"3972","2020-08-04","internetbasiert","Gibt es noch E27 aus Porzellan ? Ersatzteilversand. forum.electronicwerkstatt.de, 2020-08-04","https://forum.electronicwerkstatt.de/phpBB/Historische_Technik/gibt_es_noch_e27_aus_porzellan-t75911f45_bs0.html","Hab ihc nicht wirklich in meiner sammlung die HQL/NAV variante...hab eher andere auch aus identischer zeit"
"3973","2019-07-27","internetbasiert","Schnittmuster Kleid Massima von SchnittmusterLounge. Sewunity, 2019-07-27","https://www.sewunity.de/schnittmuster/15679-kleid-massima","Die kürzere variante ist ca. 90"
"3974","2020-02-28","internetbasiert","meine-wiking-welt - Passat Variant V. meine-wiking-welt.eu, 2020-02-28","https://www.meine-wiking-welt.eu/pkw/volkswagen/passat-variant-v/","VW Passat Variant 03803 2001-2003 schwarz, IE mit separiertem Lenkrad dunkelgrau, Innenspiegel Teil der Verglasung, Scheibenwischer Teil der Karosserie, plastische Heckwischer, 2 Außenspiegel in Wagenfarbe, Frontscheinwerfer klartransparent + Rückleuchten rottransparent eingesetzt, mit plastische Dachreling schwarz, eingesetzter schwarzer Grill mit gesilbertem VW-Emblem, Räder zweiteilig Alufelgen mit aufgezogenen Reifen, Bodenplatte schwarz, Bodenprägung modernes Wiking-Logo + ""Germany""."
"3975","2018-11-26","internetbasiert","Predictive Maintenance: Wie IoT die Instandhaltung von Maschinen unterstützt. 0800hardware.de, 2018-11-26","http://0800hardware.de/predictive-maintenance-wie-iot-die-instandhaltung-von-maschinen-unterstuetzt/","Small (45mm x 18mm), robust and powerful board; 3.3V variant of the Nano family."
"3976","2019-01-26","internetbasiert","Gefahr für den Golf - Usinger Anzeiger. Usinger Anzeiger, 2019-01-26","https://www.usinger-anzeiger.de/ratgeber/auto-und-motorrad/autotests/hyundai/gefahr-fur-den-golf_19922481","Gepäckraumvolumen 605 Liter/1620 Liter beim Golf Variant, 602/1650 Liter beim i30 Kombi."
"3977","2020-08-12","internetbasiert","EGGER Laminat HOME Kreideeiche EHL014 Landhausdiele. Holz-Richter GmbH, 2020-08-12","https://www.casando.de/egger-laminat-home-kreideeiche-ehl014-landhausdiele-34820466-produkt/","This variant of the HOME laminate flooring is suitable for all private living spaces as well as for commercial spaces exposed to heavy use, such as cafés and lobbies."
"3978","2019-03-29","internetbasiert","Golf Variant TGI: Der Umwelt zuliebe - Gas Junky. Gas Junky, 2019-03-29","https://www.gas-junky.at/golf-variant-tgi-der-umwelt-zuliebe/","Das sparsame und umweltfreundliche Erdgasmodell erweitert damit die Produktpalette des Golf Variant."
"3979","2020-03-02","internetbasiert","Alvi Matratze Alvimed Air | Kinderhaus Blaubär. kinderhaus-blaubaer.de, 2020-03-02","https://www.kinderhaus-blaubaer.de/alvi-matratze-alvimed-air_6744_36453","[...] { _tsRatingConfig = { tsid : 'X0C74C395F78C2D0663798C126CCFC286', element : '#ts_review_sticker', variant : 'testimonial', reviews : '5', betterThan : '3.0', richSnippets : 'on', backgroundColor : '#FFDC0F', linkColor : '#000000', quotationMarkColor : '#FFFFFF', fontFamily : 'Arial', reviewMinLength : '10' }; var scripts = document.getElementsByTagName('SCRIPT'), me = scripts[scripts.length - 1]; var _ts = document.createElement('SCRIPT'); _ts.type = 'text/javascript'; _ts.async = true; _ts.src = '//widgets.trustedshops.com/reviews/tsSticker/tsSticker.js'; me.parentNode.insertBefore(_ts, me); _tsRatingConfig.script = _ts; })(); [...]"
"3980","2020-11-12","internetbasiert","Zodiac Boot kaufen - PRO 7. Sportboot Center Hannover GmbH, 2020-11-12","https://www.sportbootcenter.de/zodiac_pro7/","EIGENSCHAFTEN VARIANTEN AUSSTATTUNG"
"3981","2020-01-01","internetbasiert","Brenderup Dreiseitenkipper TT5325-3500 180x325 3,5t|E-Pumpe. Koch Anhängerwerke, 2020-01-01","https://www.kochanhaengerwerke.de/kipper/3-seitenkipper/brenderup-dreiseitenkipper-tt5325-3500-180x325-3-5t-e-pumpe","Variant Heckkipper Variant 168x320cm 2,7t | E-Pumpe | Rampen | Aktion"
"3982","2020-08-04","internetbasiert","Symetrischer Amp Seite 16 Ersatzteilversand. forum.electronicwerkstatt.de, 2020-08-04","https://forum.electronicwerkstatt.de/phpBB/Projekte_im_Selbstbau/symetrischer_amp-t9207f34_bs225.html","ich hab die billige varianten genommen. bei pollin gibts (Bestnr: 210128 ) 2200µF 60V Elkos für 0,26€... davon hab ich insgesammt 16Stück.. ich würd dir raten halt mal mind. 4-6 davon zu nehmen, die kosten ja fast nix (zumindest im vergleich zu normalen bei reichelt oder so) des dürfte dann dicke ausreichen"
"3983","2018-11-14","internetbasiert","Dialog Semiconductor stellt neue Chipsätze für IoT-Anwendungen vor. 0800hardware.de, 2018-11-14","http://0800hardware.de/dialog-semiconductor-stellt-neue-chipsaetze-fuer-iot-anwendungen-vor/","The ease of use of a Nano board with the addition of secure IoT and BT connectivity Small (45mm x 18mm), robust and powerful board; 3.3V variant of the Nano family."
"3984","2018-11-22","internetbasiert","Samsung will 22 Milliarden Dollar in 5G, IoT und KI stecken. 0800hardware.de, 2018-11-22","http://0800hardware.de/samsung-will-22-milliarden-dollar-in-5g-iot-und-ki-stecken/","Small (45mm x 18mm), robust and powerful board; 3.3V variant of the Nano family."
"3985","2020-10-18","internetbasiert","Viren, Panikmache, Macht-Mißbrauch – die zweite Corona-Welle. Conservo, 2020-10-18","https://conservo.wordpress.com/2020/10/18/viren-panikmache-macht-missbrauch-die-zweite-corona-welle/","The shift occurred even in local epidemics where the original D614 form was well established prior to introduction of the G614 variant."
"3986","2019-10-21","internetbasiert","VW Golf Variant 1.6 Comfortline (Kombi). Web-Set Interactive Gmbh, 2019-10-21","https://www.car7.ch/auto/VW-Golf-Variant-1-6-Comfortline-Kombi--_0_32057.html","VW Golf Variant 1.6 Comfortline (Kombi) Beschreibung: VW Golf Variant 1.6 Comfortline (Kombi)"
"3987","2018-10-26","internetbasiert","Suche. tksoft-online.de, 2018-10-26","http://www.tksoft-online.de/index.php/ms-access/bsp-db-s/bsp-downloads-datum-und-zeit/26-ermitteln-von-frei-definierbaren-zeitanteilen-aus-frei-definierbaren-zeitraeumen","As Variant"
"3988","2019-10-10","internetbasiert","FS242 Speed Dating for Scientists. Freak Show, 2019-10-10","https://freakshow.fm/fs242-speed-dating-for-scientists","[...] Genau ich muss damit arbeiten können weil ansonsten hätte ich schon längst installiert weil du hast ja auch das problem wobei ähm für mich ist es nicht ganz so sehr ein problem wenn du auf deinen ids oder ipad us geräten die neueste variante von ipad,von diesem dreizehnter us benutzt,kommt er auch häufig der hinweis so hey schön und gut dass du jetzt hier dieses äh fancy neue feature ich glaube bei den reminder es nutztaber mindestens eins deiner geräte ist noch nicht gearbeitet und das würde ich halt schon ganz gerne nutzen also bei den apple notes fällt's mir zum glück nicht aufda scheint alles auch noch zu funktionieren,und das hab ich bisher nicht genutzt aber ich weiß nicht ich bin halt schon in dieser apple integration auch ein bisschen gefangen mit der cloud,also ich komme ohne apple notes nicht mehr klar,da ist mein leben halt einfach dahin. [...]"
"3989","2018-04-10","internetbasiert","Bleaching Zähne Worauf ist vor einem Bleaching zu achten. Zahnarzt Dinkelsbühl, 2018-04-10","https://xn--zahnarzt-dinkelsbhl-mbc.de/bleaching-zaehne/","Ist ein der bei variante zahnbürste nicht"
"3990","2020-01-01","internetbasiert","Möbellexikon. möbellexikon.com, 2020-01-01","https://www.möbellexikon.com/p/phonomoebel.html","Bestehen können diese aus Holz, aus Metall oder in der edlen variante auch aus Glas."
"3991","2020-05-07","internetbasiert","B30-Rossolimo Variante. schach-dreier.de, 2020-05-07","https://www.schach-dreier.de/Schachbuecher/Datentraeger/Eroeffnungen/B20-Sizilianisch/B30-Rossolimo-Variante","[...] Sa 10:00 Uhr bis 13.30 Uhr Information! Ab DO. 07.05.2020 haben wir wieder zu unseren üblichen Geschäftszeiten offen Drucken Categories Schachbücher/Datenträger Eröffnungen B20-Sizilianisch B30-Rossolimo Variante B30-Rossolimo Variante Kategorien Neuheiten (365) Sonderangebote (194) Modernes Antiquariat / Antiquariat (1008) Ramschkiste / 0 - 3 € (178) Schachbücher/Datenträger (1168) Eröffnungen (409) SOS (1) Repertoires (92) A00-Sokolski (5) A01-Larsen-Eröffnung (1) A02-Bird-Eröffnung (1) A07-Königsindischer Angriff (2) A09 Reti-Eröffnung (2) A15-Englisch (9) A16-Englische Eröffnung (5) A45-Trompowski-Angriff (12) A48-Königsindischer Aufbau (11) A51-Budapest Gambit (3) A53-Alt Indisch (2) A57-Wolga-Benkö Gambit (4) A60-Modern Benoni (5) A80-Holländisch (15) B01-Skandinavisch (9) B02-Aljechin-Verteidigung (6) B06-Modern Defence (5) B07-Pirc-Ufimzew (10) B10-Caro-Kann (11) B20-Sizilianisch (63) B29-Nimzowitsch-Rubinstein-Variante (1) B33-Lasker/Sweshnikow (1) B60-Richter/Rauser-Angriff (1) B70-Drachenvariante (1) B21- Sizilianisch Morra-Gambit (4) B70-Sizilianisch (Drachenvariante) [...]"
"3992","2020-08-31","internetbasiert","Flipstick Sitzstock Standard. flipstick.de, 2020-08-31","https://www.flipstick.de/Standardlaenge/Flipstick-Sitzstock-schwarz-rot::569.html","Der Gehstock mit Sitz von Flipstick wird immer wieder gerne auch in einer farbigen variante gewählt."
"3993","2018-06-08","internetbasiert","Fairere Mieten und Mitsprache für Umweltschutzverbände: zwei Änderungsanträge der Grünen Fraktion angenommen.. Grüne - Verdi - Vërc, 2018-06-08","https://www.verdi.bz.it/fairere-mieten-und-mitsprache-fuer-umweltschutzverbaende-zwei-aenderungsantraege-der-gruenen-fraktion-angenommen-2/","La ripartizione provinciale competente in materia di natura, paesaggio e sviluppo del territorio avvia il procedimento di variante del piano, previa valutazione positiva della fondatezza tecnica della proposta.”"
"3994","2020-12-01","internetbasiert","ROGER WILLEMSEN. Galerie Roschlaub GmbH, 2020-12-01","https://galerie-roschlaub.com/products/roger-willemsen","[...]/s\/files\/1\/0515\/1807\/9168\/products\/Roger_Willemsen5df8caa345218_1170x1170_9271043f-687e-4def-acaf-da8028d1a2fd.jpg?v=1606848824"",""width"":936}],""requires_selling_plan"":false,""selling_plan_groups"":[],""content"":""\u003cmeta charset=\""utf-8\""\u003e\n\u003cp data-mce-fragment=\""1\""\u003egerahmt\u003c\/p\u003e\n\u003cp data-mce-fragment=\""1\""\u003eLimitierte Auflage (10), signiert\u003c\/p\u003e""};GRFQCollection[6094117699776]['collection'] = [];GRFQCollection[6094117699776][""collection""].push('237329547456'); Variante auswählen gerahmt Limitierte Auflage (10), signiertLesen Sie mehr gerahmt Limitierte Auflage (10), signiert Teilen [...]"
"3995","2019-09-10","internetbasiert","Ich hab jetzt die Antwort auf eine der wichtigsten Fragen. OST-Blog, 2019-09-10","http://ost-blog.passat32.de/2019/09/10/ich-hab-jetzt-die-antwort-auf-eine-der-wichtigsten-fragen/","Obwohl der Deckel einwandfrei passt und ich ihn auch drin lasse, weiß ich jetzt aber warum es den nur beim Variant gab."
"3996","2020-08-03","internetbasiert","Variant 2700 U4 | 420x210cm - 2,7t | Kippbarer Multitransporter - Hochlader Anhänger. PKW-Anhänger kaufen bei P+P Anhängercenter | Wohnmobil Vermietung & Anhängervermietung, 2020-08-03","http://www.ppanhaengercenter.com/store/p613/Variant-2700U4-Kippbarer-Hochlader-Anhaenger.html","Hersteller: Variant"
"3997","2020-01-01","internetbasiert","Matador MPS 400 Variant All Weather 2 195/65 R16 104 T. Autoreifenfinder, 2020-01-01","https://www.autoreifenfinder.ch/matador/mps-400-variant-all-weather-2/195-65-r16-104t-149432/","Matador MPS 400 Variant All Weather 2 ( 195/65 R16C 104/102T 8PR Doppelkenn"
"3998","2018-05-31","internetbasiert","VW Golf Variant: Zuverlässigkeit und Erfolg seit 1993. Auto-Kombi, 2018-05-31","https://www.kombi.de/vw-golf-variant/","Die zweite Generation: Golf IV Variant (1999 bis 2006)"
"3999","2020-08-03","internetbasiert","Wie gestalte 60 Triac Ausgänge für AC 100V, 2kHz @max 2-3mA pro Ausgang ? Ersatzteilversand. forum.electronicwerkstatt.de, 2020-08-03","https://forum.electronicwerkstatt.de/phpBB/Projekte_im_Selbstbau/wie_gestalte_60_triac_ausgaenge_fuer_ac_100v_2khz_max_2_3ma_pro_ausgang-t148051f34_bs0.html","Zu mechanischen Relais lieber nein, ich habe eben ja ca 60 Ausgänge, da ist das nicht gerade die Preisgünstigste variante und auch ein bisschen oversized."
"4000","2018-06-04","internetbasiert","tea sandwich mit gurke. Surfing The Kitchen, 2018-06-04","https://surfingthekitchen.wordpress.com/2018/06/04/tea-sandwich-mit-gurke/","alleine beim schreiben bekomme ich schon wieder lust auf einen afternoon tea. vielleicht mache ich bald mal das ganze drum herum inkl. scones und süßigkeiten. man könnte zb auch eine süße variante der sandwiches mit pb&j (peanut butter & jelly) machen, ob der queen das wohl zu amerikanisch wäre? 😉 oder eine süße ricottabasis (oder mascarponecreme) getoppt mit reifen pfirsichen, erdbeeren oder nektarinen, hmmm. die möglichkeiten sind unendlich…"
"4001","2019-01-17","internetbasiert","Archiv 2018. Innovative Trends, 2019-01-17","https://innovative-trends.de/events/events-archiv-2018/","6.2018: 6. Smart Variant CON 2018 in Berlin – Die Plattform für Varianten- und Komplexitätsmanager"
"4002","2018-01-01","internetbasiert","Vom Abgasskandal betroffene Fahrzeuge. rechtsrat-abgas.de, 2018-01-01","https://www.rechtsrat-abgas.de/betroffene-fahrzeuge/","VW Golf VII 1.6 TDI Variant (Euro 6)"
"4003","2019-06-02","internetbasiert","❉ Mountain Bike Protection günstig kaufen durch Vergleichen — >>Pharmawelt<< — Juli 2020 ❉. >>Pharmawelt<<, 2019-06-02","https://pharmawelt.org/mountain-bike-protection-guenstig-kaufen-durch-vergleichen/","Good partner for long-distance cycling - Whether riding cross country, enduro, downhill or any other variant of the sport, you’ll never worry about the puncture."
"4004","2020-01-01","internetbasiert","Zündverteilerkappe. BERU Zündungsteile | BERU – Ihr Experte für Zündungstechnik, 2020-01-01","https://www.beruparts.de/find-my-part/9739713/beru-by-driv/zundung/zundverteilerkappe/vk303.pd.html","Marke Variante Motor Aktion {{fitment.make}} {{fitment.variant}} {{fitment.engine_display}}"
"4005","2020-07-25","internetbasiert","6-Kanal-Lichtorgel+LPT Steuerung Ersatzteilversand. forum.electronicwerkstatt.de, 2020-07-25","https://forum.electronicwerkstatt.de/phpBB/Projekte_im_Selbstbau/6_kanal_lichtorgel_lpt_steuerung-t43364f34_bs0.html","sieh dir mal diese seite an: discolitz das is die einfachste variante..."
"4006","2019-02-07","internetbasiert","Tesla startet Model-3-Auslieferung in Europa. ecomento.de, 2019-02-07","https://ecomento.de/2019/02/07/tesla-startet-model-3-auslieferung-in-europa/","Bestellbar und ausgeliefert werden nur die teuren M3 varianten mit preisen ab 55.000 €."
"4007","2020-05-28","internetbasiert","Sarissa Destroyed European Townhouse Scenery Set: Unboxing in Franken. Pink-Unicorn.tv: Little crazy, Lots of fun, No limits, 2020-05-28","https://www.pink-unicorn.tv/sarissa-destroyed-european-townhouse-scenery-set/","So lassen sich viele Spielplatten varianten erstellen."
"4008","2020-01-01","internetbasiert","VW Vorteilspakete für Modelle älter als 4 Jahre. Volkswagen Österreich, 2020-01-01","https://www.volkswagen.at/service-zubehoer/volkswagen-service/angebote-und-aktionen/vorteilspakete","[...] Modell Baujahr statt ab im Vorteilspaket ab Polo 1,4 L TDI 05-09 812,- 677,- Polo 1,6 L TDI 10-16 932,- 768,- Golf V 1,9 L TDI 04-09 887,- 742,- Golf VI 1,6 L TDI 09-13 1035,- 858,- Golf VI 2,0 L TDI 09-13 1109,- 885,- Golf VII 1,6 L TDI 12-16 1145,- 961,- Golf Variant 1,6 L TDI 10-14 947,- 780,- Golf Plus 1,6 L TDI 10-16 949,- 781,- Touran 1,9 L TDI 03-10 951,- 798,- Touran 1,6 L TDI 11-16 1144,- 963,- Tiguan TDI 07-10 1097,- 901,- Tiguan TDI 11-16 949,- 781,- Passat 2,0 L TDI 06-09 922,- 760,- Passat 2,0 L TDI 10-14 991,- 817,- Passat 2,0 L TDI 15-16 1114,- 929,- Sharan 1,9 L TDI 03-09 862,- 724,- Sharan 2,0 L TDI 10-16 980,- 808,- [...]"
"4009","2018-04-10","internetbasiert","Running Order online - Kaltenbach Open Air. Kaltenbach Open Air, 2018-04-10","https://kaltenbach-openair.at/de/2018/04/10/running-order-online-2/","Eine Variante in schwarz/weiß ist hier als Download erhältlich: www.kaltenbach-openair.at/downloads/KOA-Running-Order-2018.pdf"
"4010","2019-02-25","internetbasiert","Peugeot e-208 kommt im Herbst und bietet 340 WLTP-Kilometer. ecomento.de, 2019-02-25","https://ecomento.de/2019/02/25/peugeot-e-208-neues-elektroauto-bietet-340-wltp-kilometer/","Der Golf hat auch 380 Liter, der Golf Variant, der von aussen immer noch deutlich kleiner ist als das Model 3 sogar 605L…vom Platz und Komfort auf der Rückbank brauchen wir das gar nicht reden…"
"4011","2020-01-01","internetbasiert","21-500. isover.ch, 2020-01-01","https://www.isover.ch/de/solutions/21-500","Description Unité 1 Unité 2 Variant 1 Variant 2 Variant 3 Variant 4 Variant 5 Variant 6 ISOVOX d [mm] 45 45 45 45 45 45 PB F 030 d [mm] 80 100 120 140 160 180 Wärmeschutz im Winter und Sommer * * ** ** ** ** Wärmedurchgangskoeffizient:"
"4012","2019-03-13","internetbasiert","Gewinne das kajnok Nudeln Probierset - Susi und Kay Projekte. Susi und Kay Projekte, 2019-03-13","https://susi-und-kay-projekte.de/gewinne-das-kajnok-nudeln-probierset/","Wir verlosen in Kooperation mit kajnok das Probierset mit fünf verschiedenen Slim varianten!"
"4013","2020-08-03","internetbasiert","Variant 3325 P6 | 615x245cm - 3,5t | Tridem Hochlader Anhänger. PKW-Anhänger kaufen bei P+P Anhängercenter | Wohnmobil Vermietung & Anhängervermietung, 2020-08-03","http://www.ppanhaengercenter.com/store/p571/Variant-3325P6-Tridem-Hochlader-Anhaenger.html","Variant Hochlader"
"4014","2018-09-20","internetbasiert","Die Hochstaufen Tour - jagdhundeurlaube. Jagdhundeurlaube, 2018-09-20","https://jagdhundeurlaube.de/die-hochstaufen-tour/","Nach ausreichender Rast geht es entweder Retour über den Aufstiegsweg- oder diesmal die variante über die steinernen Jager."
"4015","2020-01-01","internetbasiert","VW Passat Variant Modellübersicht - Alle Varianten des VW Passat Variant. Volkswagen Österreich, 2020-01-01","https://www.volkswagen.at/modelle/uebersicht/passat-variant","Die Varianten des Passat Variant"
"4016","2018-01-17","internetbasiert","Panasonic führt an der CES 2018 Sands Expo neue IoT-Dienste mit Silicon-Valley-Startups ein. 0800hardware.de, 2018-01-17","http://0800hardware.de/panasonic-fuehrt-an-der-ces-2018-sands-expo-neue-iot-dienste-mit-silicon-valley-startups-ein/","Small (45mm x 18mm), robust and powerful board; 3.3V variant of the Nano family."
"4017","2018-12-26","internetbasiert","JumboSpot MMDVM. jumbospot.de, 2018-12-26","https://www.jumbospot.de/","Pi-Star Firmware Installation varianten"
"4018","2020-01-01","internetbasiert","Der Passat Variant: So souverän wie Sie. heisel.de, 2020-01-01","https://www.heisel.de/der-neue-passat-variant-so-souveraen-wie-sie/","Eine breite Palette sportlicher und eleganter Leichtmetallräder hebt das attraktive Design des Passat Variant hervor."
"4019","2019-09-05","internetbasiert","U 21-Nationalmannschaft besucht das Volkswagen Werk in Zwickau. My Bavaria - Das Bayern-Magazin, 2019-09-05","http://my-bavaria.com/zu-den-auto-nachrichten/u-21-nationalmannschaft-besucht-das-volkswagen-werk-in-zwickau/","Aufgeteilt in zwei Gruppen startete der Rundgang in Halle 6, wo Golf und Golf Variant gebaut werden."
"4020","2019-03-25","internetbasiert","Mehr Fahrperformance und Zusatzfunktionen für Baumaschinen. Das unabhängige Technikmagazin, 2019-03-25","https://www.fluid.de/specials/bauma/mehr-fahrperformance-und-zusatzfunktionen-fuer-baumaschinen-120.html","Sie ist eine Variante des GFT8000-Kompaktantriebs."
"4021","2018-04-08","internetbasiert","Migration von JUnit 4 nach JUnit 5 - Michael Albrecht. Michael Albrecht, 2018-04-08","https://www.michael-albrecht.de/junit/junit-5/8-steps-2-junit5/","public class DateInRomanCharsService { @Resource private Arabic2RomanConverter converter; public String getDate(final Date date) { // use converter to return a roman variant of the given date } }"
"4022","2020-01-01","internetbasiert","VW Golf Variant kaufen: Der Allrounder. Volkswagen Österreich, 2020-01-01","https://www.volkswagen.at/volkswagen-kaufen/vw-golf-variant-kaufen","Vom Klassiker bis zum Golf Variant Rabbit: Finden Sie Ihr passendes Wunsch-Modell."
"4023","2019-02-13","internetbasiert","(Fast) Gratis Comic Tag: DC verkündet sein Jahr der Schurken. Das Batman-Projekt, 2019-02-13","https://batmanprojekt.com/2019/02/13/free-comic-book-day-dcs-year-of-the-villain-gratis-comic-tag/","Das Heft erscheint mit drei Variant Covern (siehe oben)."
"4024","2020-12-31","internetbasiert","geformtes gebäck 13 buchstaben. meine-speis.at, 2020-12-31","http://meine-speis.at/2020/12/yrcyxou3/","This is the meaning of backen: backen (German)Origin & history From Middle High German backen, from Old High German backan, an originally weak verb and geminated variant of an older strong verb: Middle High German bachen, from Old High German bahhan, from Proto-Germanic *bakaną, from Proto-Indo-European *bʰeh₃g-."
"4025","2020-01-01","internetbasiert","21-635. isover.ch, 2020-01-01","https://www.isover.ch/de/solutions/21-635","Description Unité 1 Unité 2 Variant 1 Variant 2 Variant 3 Variant 4 Variant 5 Variant 6 Akustische Korrektur Frequenz f [Hz] 125 250 500 1000 2000 4000 mittel Schallabsorptionskoeffizient αS [–] 0.59 1.07 1.15 0.93 0.91 0.92 0.93"
"4026","2020-11-09","internetbasiert","Neuer VW Golf Alltrack Fahrbericht 2021 Golf 8 Variant - Autogefühl. Autogefühl, 2020-11-09","https://www.autogefuehl.de/2020/11/09/neuer-vw-golf-alltrack-fahrbericht-2021-golf-8-variant/","Als spezielle Version kommt der Golf Variant auch als Golf Alltrack mit erhöhter Bodenfreiheit (20 mm fürs Standard-Fahrwerk, bei Wahl von DCC nicht ganz so hoch, aber trotzdem noch höher als beim normalen DCC), Offroad-Optik und Interieur-Features wie einem Alltrack-Sitz-Design."
"4027","2018-09-26","internetbasiert","Wie reinige ich meine Edelsteine. Elisabeth Weyand, 2018-09-26","https://www.elisabeth-weyand.de/wie-reinige-ich-meine-edelsteine/","Jaaaa, Wasser ist eine Variant, wie die Edelsteine gereinigt werden können."
"4028","2020-03-02","internetbasiert","Alvi Sleep-Overall light Schlafsack mit Füßen Aqua Dot | Kinderhaus Blaubär. kinderhaus-blaubaer.de, 2020-03-02","https://www.kinderhaus-blaubaer.de/alvi-sleep-overall-light-schlafsack-mit-fuessen-aqua-dot_34814_56428","[...] { _tsRatingConfig = { tsid : 'X0C74C395F78C2D0663798C126CCFC286', element : '#ts_review_sticker', variant : 'testimonial', reviews : '5', betterThan : '3.0', richSnippets : 'on', backgroundColor : '#FFDC0F', linkColor : '#000000', quotationMarkColor : '#FFFFFF', fontFamily : 'Arial', reviewMinLength : '10' }; var scripts = document.getElementsByTagName('SCRIPT'), me = scripts[scripts.length - 1]; var _ts = document.createElement('SCRIPT'); _ts.type = 'text/javascript'; _ts.async = true; _ts.src = '//widgets.trustedshops.com/reviews/tsSticker/tsSticker.js'; me.parentNode.insertBefore(_ts, me); _tsRatingConfig.script = _ts; })(); [...]"
"4029","2020-03-03","internetbasiert","Blog | clickeshop.de. clickeshop.de, 2020-03-03","https://clickeshop.de/blog/m921","information about each variant is exported as a separate product"
"4030","2020-01-01","internetbasiert","Pongratz Heckkipper PK 1800 151x260cm 1,8t|Handpumpe|BWA. Koch Anhängerwerke, 2020-01-01","https://www.kochanhaengerwerke.de/kipper/rueckwaertskipper/pongratz-heckkipper-pk-1800-151x260cm-1-8t-handpumpe-bwa","Variant Heckkipper Variant 168x320cm 2,7t | E-Pumpe | Rampen | Aktion"
"4031","2019-06-06","internetbasiert","Wörtherseetreffen 2019 - Rückblick. OST-Blog, 2019-06-06","http://ost-blog.passat32.de/2019/06/06/woertherseetreffen-2019-rueckblick/","Natürlich ist das ein Santana Variant."
"4032","2018-08-05","internetbasiert","Ralf Rauer | AR Architektur Planung & Design | Ettenheim. AR-Architektur, 2018-08-05","https://www.ar-rauer.de","Grid Variante 1 Agency 03 Projects Lorem ipsum"
"4033","2018-11-12","internetbasiert","Intel gibt Ausblick auf Cascade Lake als MCP mit 48 Kernen (Update) - Hardwareluxx. Hardwareluxx Media GmbH, 2018-11-12","https://www.hardwareluxx.de/index.php/news/hardware/prozessoren/47733-intel-gibt-ausblick-auf-cascade-lake-als-mcp-mit-48-kernen.html","Darüber hinaus bietet Cascade Lake einen Hardware-Fix für CVE-2017-5715 (Spectre Variante 2) und CVE-2017-5754 (Meltdown Variant 3)."
"4034","2018-04-10","internetbasiert","Bleaching Zähne Worauf ist vor einem Bleaching zu achten. Zahnarzt Dinkelsbühl, 2018-04-10","https://xn--zahnarzt-dinkelsbhl-mbc.de/bleaching-zaehne/","Kamera mundspülungen anwendung variante auch härte bekommt sich power oder ist."
"4035","2018-05-31","internetbasiert","VW Golf Variant: Zuverlässigkeit und Erfolg seit 1993. Auto-Kombi, 2018-05-31","https://www.kombi.de/vw-golf-variant/","Die aktuelle Version Golf 7 Variant brilliert in jederlei Hinsicht."
"4036","2020-05-01","internetbasiert","Diesel-Abgasskandal: BGH-Joker bietet im VW-Vergleich neue Option für Verbraucher / Kanzlei Dr. Stoll & Sauer rät zur Beratung | Dr. Stoll & Sauer - VW Schadensersatz. Diesel-Abgasskandal: BGH-Joker bietet im VW-Vergleich neue Option für Verbraucher / K...","https://www.vw-schaden.de/aktuelles/diesel-abgasskandal-bgh-joker-bietet-im-vw-vergleich-neue-option-fuer-verbraucher-kanzlei","Landgericht Düsseldorf: Ein VW-Autohaus muss einem Verbraucher 25 Prozent des Kaufpreises für einen VW Passat Variant 2,0 LTDI bezahlen (Az. 1 O 132/17)."
"4037","2020-10-20","internetbasiert","Selbstgespräche im Zwiegespräch 018 - Das Beste/Liebste aus dem Universum von DC - Teil 2. Selbstgespräche im Zwiegespräch, 2020-10-20","https://zwiegespraech.selbstgespraeche-podcast.de/2020/10/20/selbstgespraeche-im-zwiegespraech-018-das-beste-liebste-aus-dem-universum-von-dc-teil-2/","Young Justice (2000er), Steffen: Captain Carrot (Multiverse’s End Variant), Volker: Teen Titans-The Judas Contract"
"4038","2020-05-01","internetbasiert","Diesel-Abgasskandal: BGH-Joker bietet im VW-Vergleich neue Option für Verbraucher / Kanzlei Dr. Stoll & Sauer rät zur Beratung | Dr. Stoll & Sauer - VW Schadensersatz. Diesel-Abgasskandal: BGH-Joker bietet im VW-Vergleich neue Option für Verbraucher / K...","https://www.vw-schaden.de/aktuelles/diesel-abgasskandal-bgh-joker-bietet-im-vw-vergleich-neue-option-fuer-verbraucher-kanzlei","Oberlandesgericht Stuttgart: Ein VW-Autohaus muss einem Verbraucher 25 Prozent des Kaufpreises für einen VW Passat Variant 2,0 TDI (Az. 9 U 3/19)."
"4039","2019-02-18","internetbasiert","Freitagsfrage – Ist E-Biken Sport? |. Veronika, 2019-02-18","https://www.faszination-ebike.de/freitagsfrage-ist-e-biken-sport/","Tatsächlich habe ich meinen Golf Variant mittlerweile verkauft, und wenn ich mal ein Auto brauche frage ich ganz lieb meine Frau!"
"4040","2020-11-17","internetbasiert","Volkswagen kündigt Elektro-Kombi für 2023 an - electrive.net. electrive.net, 2020-11-17","https://www.electrive.net/2020/11/17/volkswagen-kuendigt-elektro-kombi-fuer-2023-an/","Das Ladevolumen der Studie lag mit 596 Litern aber unter den 650 Litern des Passat Variant."
"4041","2019-05-26","internetbasiert","Hexen-Slalom 2019 - Automobilclub Lemgo e. V.. Automobilclub Lemgo e. V., 2019-05-26","https://aclemgo.de/automobilsport/hexen-slalom-2019/","Gelang Voss vormittags noch der Sprung auf Platz eins vor Düe und Schmidt, mußte er sich nachmittags von Düe geschlagen geben, welcher auf einem serienmäßig unspektakulären VW Golf Variant Diesel der Neuzeit spektakulär auf Platz eins fuhr."
"4042","2018-01-30","internetbasiert","Für die meisten IoT-Szenarien unnötig: Thingstream setzt auf Verfügbarkeit statt auf 5G. 0800hardware.de, 2018-01-30","http://0800hardware.de/fuer-die-meisten-iot-szenarien-unnoetig-thingstream-setzt-auf-verfuegbarkeit-statt-auf-5g/","The ease of use of a Nano board with the addition of secure IoT and BT connectivity Small (45mm x 18mm), robust and powerful board; 3.3V variant of the Nano family."
"4043","2019-06-07","internetbasiert","Vorverkauf des neuen Passat. My Bavaria - Das Bayern-Magazin, 2019-06-07","http://my-bavaria.com/zu-den-auto-nachrichten/vorverkauf-des-neuen-passat/","Die Passat Limousine mit 140 kW / 190 PS starkem TSI wird in Deutschland künftig zu Preisen ab 38.750 Euro starten; der identische Passat Variant steht ab 39.825 Euro in der Preisliste."
"4044","2019-09-13","internetbasiert","Car-Net Security & Services. volkswagen.ch, 2019-09-13","https://www.volkswagen.ch/de/dienstleistungen/digitale-services/konnektivitaet/car-net1/car-net-security-and-services.html","Buzz Hybridfahrzeuge Passat GTE Variant Arteon Shooting Brake eHybrid Tiguan eHybrid Touareg eHybrid Konzeptfahrzeuge ID. LIFE ID. Vizzion ID. Space Vizzion ID.R Laden und Reichweite Wie kann ich zahlen?"
"4045","2020-10-05","internetbasiert","Bodenarbeitsseil Dünn - Prices from 51.60 to 58.75. Bataliru, 2020-10-05","https://bataliru.de/products/bodenarbeitsseil-dunn-prices-from-51-60-to-58-75","[...] Variant for price 51.6 Variant for price 52 Variant for price 52.1 Variant for price 52.2 Variant for price 52.45 Variant for price 52.55 Variant for price 52.65 Variant for price 53.05 Variant for price 53.15 Variant for price 53.25 Variant for price 53.5 Variant for price 53.6 Variant for price 53.7 Variant for price 54.1 Variant for price 54.2 Variant for price 54.55 Variant for price 54.65 Variant for price 54.75 Variant for price 55.15 Variant for price 55.25 Variant for price 55.6 Variant for price 55.7 Variant for price 56.2 Variant for price 56.65 Variant for price 56.75 Variant for price 57.25 Variant for price 57.7 Variant for price 58.75 Variant for price 51.6 Variant for price 52 Variant for price 52.1 Variant for price 52.2 Variant for price 52.45 Variant for price 52.55 Variant for price 52.65 Variant for price 53.05 Variant for price 53.15 Variant for price 53.25 Variant for price 53.5 Variant for price 53.6 Variant for price 53.7 Variant for price 54.1 Variant for price 54.2 Variant for price 54.55 Variant for price 54.65 Variant for price 54.75 Variant for price 55.15 Variant for price 55.25 Variant for price 55.6 Variant for price 55.7 Variant [...]"
"4046","2019-01-01","internetbasiert","Deutsch englisch kennenlernen. zoom-filmproduktion.de, 2019-01-01","http://zoom-filmproduktion.de/deutsch-englisch-kennenlernen-395714.php","Oldenburg er mich, die zusammengeschriebene variante empfohlen."
"4047","2020-08-11","internetbasiert","Hausprogramm - Lemke Bau GmbH. Lemke Bau GmbH, 2020-08-11","https://www.lemke-bau.de/haus-bauen-stade-buxtehude/","Pure Eleganz: Die geradlinige Optik bildet gemeinsam mit den vielfältigen Raumaufteilungs- varianten ein hochmodernes…"
"4048","2020-07-04","internetbasiert","Einschränkungen im Zusammenhang mit dem Coronavirus (SARS-CoV-2). noggerath-betontechnik.de, 2020-07-04","https://www.noggerath-betontechnik.de/aktuelles/","Die BELIDOR Betontechnik GmbH und NOGGERATH Betontechnik GmbH stellen mit dem neuen Antriebsgiebel mit Benzinmotor einen weiteren Baustein des bekannten Betonflächenfertiger NOGGERATH Variant® vor."
"4049","2018-11-19","internetbasiert","My Magpie - Austrian jewellery design label 3D printing technology. My Magpie - Austrian jewellery design label 3D printing technology, 2018-11-19","https://www.mymagpie.at/produkt/oskar-pa-earstuds/","The feather-light earrings are reminiscent of the preferred geometric variant of Art Nouveau."
"4050","2019-12-09","internetbasiert","Volkswagen Golf Variant Jahreswagen Angebote. carwow.de, 2019-12-09","https://www.carwow.de/volkswagen/golf-variant/jahreswagen","Vergleichen Sie alle Angebote für Volkswagen Golf Variant Jahreswagen in Ihrer Nähe und deutschlandweit über carwow.de und kaufen Sie Ihren sofort verfügbaren Volkswagen Golf Variant günstig bei einem unserer top bewerteten Partnerhändler."
"4051","2020-11-03","internetbasiert","VW Golf 8 Variant - Kompaktkombi in sechster Generation - NewCarz.de. NewCarz.de, 2020-11-03","https://www.newcarz.de/2020/11/03/vw-golf-8-variant-kompaktkombi-in-sechster-generation/","Jetzt bringt Volkswagen einen Golf Variant auf den Markt, der das Segment der kompakten Raumriesen mit einer neuen Designdynamik auflädt."
"4052","2019-03-24","internetbasiert","Programmier Tutorial: Apps für Android entwickeln – Teil 14: Mit Debugging Programmfehler im Quellcode finden. Mit Debugging Programmfehler im Quellcode finden in Android Studio, 2019-03-24","https://www.programmierenlernenhq.de/tutorial-android-debugging-mit-android-studio/","Wenn für einen Build Variant das Debugging ermöglicht werden soll, muss die debuggable build type-Eigenschaft in der entsprechenden build.gradle Datei auf true gesetzt werden."
"4053","2019-12-22","internetbasiert","Tipps Archive - fullAccess. Fullaccess, 2019-12-22","https://www.fullaccess.de/access/tipps","Verwenden Sie in diesem Fall einfach die folgende SuchenUndErsetzen-Funktion: Function SuchenUndErsetzen(ByVal Text As Variant, _ Suchen As Variant, Ersetzen As Variant) Dim x As Integer Dim p As […]"
"4054","2019-08-20","internetbasiert","Noch einmal symphonisch/Symphonic once again*. Da Sein Im Netz, 2019-08-20","https://ppawlo.com/2019/08/20/noch-einmal-symphonisch-symphonic-once-again/","mir persönlich sagt glaube ich diese variante hier mehr zu, (ohne passepartout) wobei es schwierig zu sagen ist. so oder so ein farbenfrohes, aber sehr stimmiges :) ich sehe defnitiv eine landschaft, mit wasser, klar."
"4055","2018-02-20","internetbasiert","Excel VBA – Wie Sie beliebiges Datum in einer Liste finden. Denis Reis, 2018-02-20","https://www.denisreis.com/excel-vba-beliebiges-datum-in-einer-liste-finden/","Sub BeliebigesDatumFinden() Dim rngZelle As Range Dim varTag As Variant Do 'Eingabedialog varTag = Application.InputBox _ (""Bitte Tageszahl des aktuellen Monats eingeben."", _ ""Gesuchtes Datum"", 1, , , , , 1)"
"4056","2018-05-06","internetbasiert","Sommer Gin Tonic - Applethree - Food | Travel | Life. Applethree - Food | Travel | Life, 2018-05-06","https://applethree.de/sommer-gin-tonic/","Ich bin nur ein langsamer trinker und da wird der Gin bei mir immer recht schnell wässrig, deswegen präferiere ich die nicht Eiswürfel variante😛"
"4057","2018-07-02","internetbasiert","Digital Business Engineer Industrial IoT (m/w). 0800hardware.de, 2018-07-02","http://0800hardware.de/digital-business-engineer-industrial-iot-m-w/","The ease of use of a Nano board with the addition of secure IoT and BT connectivity Small (45mm x 18mm), robust and powerful board; 3.3V variant of the Nano family."
"4058","2019-01-01","internetbasiert","2-DIN Kit 5 Seat/Skoda/VW diverse Fahrzeuge Lenkradfernbedienungsadapter piano. Msh-Store, 2019-01-01","https://msh-store.de/fahrzeug-spezifisch/fahrzeugtypen/skoda/radioblenden/3169/2-din-kit-5-seat/skoda/vw-diverse-fahrzeuge-lenkradfernbedienungsadapter-piano","Variant"
"4059","2020-08-03","internetbasiert","Variant 3325 P6 | 615x245cm - 3,5t | Tridem Hochlader Anhänger. PKW-Anhänger kaufen bei P+P Anhängercenter | Wohnmobil Vermietung & Anhängervermietung, 2020-08-03","http://www.ppanhaengercenter.com/store/p571/Variant-3325P6-Tridem-Hochlader-Anhaenger.html","Hersteller: Variant"
"4060","2019-09-13","internetbasiert","VW Passat Variant. Autohaus Stoppanski, 2019-09-13","https://www.stoppanski.de/fahrzeuge/passat/","Was Sie oder Ihre Familie auch vorhaben, der neue Passat und Passat Variant macht es mit."
"4061","2018-05-31","internetbasiert","VW Golf Variant: Zuverlässigkeit und Erfolg seit 1993. Auto-Kombi, 2018-05-31","https://www.kombi.de/vw-golf-variant/","Bei VW hat man sich einiges einfallen lassen, um Käufer des Golf Variant 7 mit praktischen Extras bei Laune zu halten."
"4062","2020-03-02","internetbasiert","Alvi Schlafsack Tracksuit TOP | Kinderhaus Blaubär. kinderhaus-blaubaer.de, 2020-03-02","https://www.kinderhaus-blaubaer.de/alvi-schlafsack-tracksuit-top_34407_54225","[...] { _tsRatingConfig = { tsid : 'X0C74C395F78C2D0663798C126CCFC286', element : '#ts_review_sticker', variant : 'testimonial', reviews : '5', betterThan : '3.0', richSnippets : 'on', backgroundColor : '#FFDC0F', linkColor : '#000000', quotationMarkColor : '#FFFFFF', fontFamily : 'Arial', reviewMinLength : '10' }; var scripts = document.getElementsByTagName('SCRIPT'), me = scripts[scripts.length - 1]; var _ts = document.createElement('SCRIPT'); _ts.type = 'text/javascript'; _ts.async = true; _ts.src = '//widgets.trustedshops.com/reviews/tsSticker/tsSticker.js'; me.parentNode.insertBefore(_ts, me); _tsRatingConfig.script = _ts; })(); [...]"
"4063","2019-10-03","internetbasiert","Formen und Linien. Wordpressdotcom, 2019-10-03","https://cafeweltenall.wordpress.com/2019/10/03/formen-und-linien/","diese letzte variante spricht mich stark an! würde sich wohl auch gut eignen, um text aufzubringen .. i erspüre stille, geheimnis, schweigendes wissen, wenn ich das bild betrachte, kraftvolle leichtigkeit, ruhe … wohltuend anzuschauen für mich."
"4064","2020-01-01","internetbasiert","Hurricane 3,5"" Abgasanlage für Golf 7,5 R Variant 310PS FL V2. Hurricane Exhaust, 2020-01-01","https://hurricane-exhaust.de/Hurricane-3-5-Abgasanlage-fuer-Golf-7-5-R-Variant-310PS-FL-V2/HE10115.67","Unsere 3,5"" Hurricane Klappenabgasanlage für deinen VW Golf 7 R Variant ist unvergleichbar:"
"4065","2019-06-01","internetbasiert","KUNSTSTOFF FENSTER. lbprofile.de, 2019-06-01","https://lbprofile.de/kunststoff/pvc-fenster/","Das Kunststoffsystem Schüco LivIng Variant ist ein innovatives 6+1 Raumsystem, das speziell entwickelt wurde, um optisch perfekte Holzfenster nachzuahmen."
"4066","2020-12-17","internetbasiert","535. Nordrhein-Westfalen, das „Corona“-Narrativ und der riskante genetische Impfstoff. Sägefisch, 2020-12-17","https://jacquesauvergne.wordpress.com/2020/12/17/535/","Er zijn geen tekenen die erop wijzen dat de nieuwe variant van het virus dodelijker is."
"4067","2018-12-11","internetbasiert","Struktur-Teile in anderen Strukturen verwenden | APIS Informationstechnologien GmbH. APIS Informationstechnologien GmbH, 2018-12-11","https://www.apis.de/forum/topic/struktur-teile-in-anderen-strukturen-verwenden/","Ich würde gerne den Strukturaufbau dieser Teilprozesse, sowie die Bewertung im Formblatt, den Control-Plan oder Prozess-Flow an einer Stelle pflegen und für jede Produktgruppe-/ variante übernehmen."
"4068","2018-04-12","internetbasiert","Deutsche Telekom beteiligt sich am israelischen IoT-Startup Axonize. 0800hardware.de, 2018-04-12","http://0800hardware.de/deutsche-telekom-beteiligt-sich-am-israelischen-iot-startup-axonize/","The ease of use of a Nano board with the addition of secure IoT and BT connectivity Small (45mm x 18mm), robust and powerful board; 3.3V variant of the Nano family."
"4069","2018-05-03","internetbasiert","Industrial IOT für Bestandsanlagen. 0800hardware.de, 2018-05-03","http://0800hardware.de/industrial-iot-fuer-bestandsanlagen/","The ease of use of a Nano board with the addition of secure IoT and BT connectivity Small (45mm x 18mm), robust and powerful board; 3.3V variant of the Nano family."
"4070","2019-12-18","internetbasiert","Diesel-Abgasskandal: OLG Stuttgart verurteilt VW wegen „besonderer Verwerflichkeit“ / 25 Prozent Wertminderung des Fahrzeugs | Dr. Stoll & Sauer - VW Schadensersatz. Diesel-Abgasskandal: OLG Stuttgart verurteilt VW wegen „besonderer Verwerflichkeit“ / 2...","https://www.vw-schaden.de/aktuelles/diesel-abgasskandal-olg-stuttgart-verurteilt-vw-wegen-besonderer-verwerflichkeit-25","Im vorliegenden Fall erwarb die Klägerin im Juli 2015 für 22.730 Euro in einem Autohaus einen VW Passat Variant 2.0 TDI als Gebrauchtfahrzeug."
"4071","2018-04-12","internetbasiert","Rezepte aus der Kindheit..... katzenfarm.blogspot.com, 2018-04-12","https://katzenfarm.blogspot.com/2018/04/rezepte-aus-der-kindheit.html","Ja, eier in senfsosse war bei mir verhasst, mein exmann hat sie wahnsinnig gerne gegessen :-) deine variante hört sich gar nicht so übel an."
"4072","2018-02-02","internetbasiert","Warframe: Diese exklusiven Items stecken für kurze Zeit im Prime-Vault. Mein-MMO.de, 2018-02-02","https://mein-mmo.de/warframe-prime-vault-offen/","Ember muss ich sagen habe ich noch nicht als normale variante, wenn der Frame spaß macht könnte ich mir das Ember Packet vorstellen."
"4073","2020-09-22","internetbasiert","Waschmittel mit Rosskastanien. wild.wuchs.Natur-Akademie, 2020-09-22","https://wildwuchsnatur.at/2020/09/22/waschmittel-mit-rosskastanien/","2) Variant: Du kannst das Kranulat auch im Backrohr bei Umluft ca. 80°C trocken lassen (dauert ca. 3-5 Stunden)."
"4074","2020-05-21","internetbasiert","Xbox one mit nordvpn verbinden – Nordvpn | Günstig. Bester VPN-Vergleicher, 2020-05-21","http://minecraftopia.de/xbox-one-mit-nordvpn-verbinden-nordvpn-gunstig/","Nordvpn vs expressvpn was sich um sich dieser variante des anwenders im test nicht nutze."
"4075","2019-03-01","internetbasiert","Top 10: Männermode Trends 2019. thedorie.com, 2019-03-01","https://thedorie.com/top-10-maennermode-trends-2019","Above all, the striped Harry Potter variant enjoys great popularity."
"4076","2020-01-01","internetbasiert","Volkswagen T4 Innenausstattung. Autoteile-Rathenow Autoteile-Premnitz Ersatzteile Neuteile - Automarkt in Rathenow - Premnitz, 2020-01-01","https://www.autoteile-rathenow.de/gebrauchtteile/volkswagen-teilekatalog/volkswagen-t4/volkswagen-t4-innenausstattung/","[...] Kundengruppe: Gast Registrieren Anmelden TOP Produkte Renault Kangoo 98-03 Hilfsrahmen Aggregateträger 8200741075 TOP Produkte VW Passat 3C B6 05-10 Frontgrill Kühlergrill Grill Chrom mit Emblem 3C0853651 TOP Produkte FORD Explorer 2 - Seitenscheibe hinten rechts TOP Produkte Bockachse VGB 10 Knott wasserdicht mit Bremsseile u-Bügel 1050kg TOP Produkte ABE ASA AR1 18 Zoll AR1-8018 Opel TOP Produkte FORD Explorer 2 - Motorhaube schwarz TOP Produkte Original VW Bora Kühlergrill 1J5853653E Volkswagen Variant 4 Motion LA7W TOP Produkte Barkas B1000 Zündverteiler mit Grundplatte 3 TOP Produkte Audi A4 B5 Rücklicht hinten rechts TOP Produkte Barkas B1000 Vergaser 1 TOP Produkte original VW Jetta 10-15 Gitter Blende Stoßstange Nebelscheinwerfer Rechts 5C6853666A TOP Produkte Renault Kangoo 98-03 Hecktür rechts blau Farbcode 432 Kategorien NEUTEILE (25) GEBRAUCHTTEILE (289) AUDI - Teilekatalog (20) ALFA ROMEO - Teilekatalog BARKAS B1000 - Teilekatalog (49) BMW - Teilekatalog (10) CITRÖN - Teilekatalog (2) FIAT - Teilekatalog (5) FORD - Teilekatalog (14) HONDA Teilekatalog HYUNDAI - Teilekatalog (6) [...]"
"4077","2020-01-10","internetbasiert","VW Golf 3 Ersatzteile kaufen [Liste von seriösen Shops]. 100pro-ersatzteile.de, 2020-01-10","https://www.100pro-ersatzteile.de/vw-golf-3/","kompatibel mit Golf 3 (auch Cabrio) Bj.91-98 VW Polo 6N Bj.95-01 VW Polo Variant 6K Bj. 97-01"
"4078","2020-01-01","internetbasiert","Kofferanhänger BK 146x304cm Höhe:180cm 2,0t|Schräge vorn. Koch Anhängerwerke, 2020-01-01","https://www.kochanhaengerwerke.de/koffer/kofferanhaenger/kofferanhaenger-bk-146x304cm-hoehe-180cm-2-0t-schraege-vorn","Variant Kofferanhänger Black Edition 148x258cm H:157 1,35t | Türen +Seitentür"
"4079","2019-01-01","internetbasiert","Partnervermittlung bocholt, Was ist Parship?. zoom-filmproduktion.de, 2019-01-01","http://zoom-filmproduktion.de/partnervermittlung-bocholt-141567.php","Aber je nach der katze, nein, und mehr oder vom europäischen variante, dass man hier ist."
"4080","2020-12-09","internetbasiert","DIY Word Clock with Arduino and NeoPixel - Techniccontroller. Techniccontroller, 2020-12-09","https://techniccontroller.de/word-clock-with-arduino-and-neopixel/","I created a variant of the source code on GitHub with a ‘nightmode’ implemented."
"4081","2019-07-10","internetbasiert","Technischer Projektleiter (m/w/d) – für Klimaschutz-IoT Startup. 0800hardware.de, 2019-07-10","http://0800hardware.de/technischer-projektleiter-m-w-d-fuer-klimaschutz-iot-startup/","Small (45mm x 18mm), robust and powerful board; 3.3V variant of the Nano family."
"4082","2018-05-25","internetbasiert","Hessen-Darmstadt. flaggenlexikon.de, 2018-05-25","https://flaggenlexikon.de/fdthessd.htm","This variant of cockade was seen from 1813 in the Hessian-Darmstadt troops in Spain, in 1813 whilst the new drawing up of forces, and in 1814 whilst onother new drawing up of forces and from 1814 in lines of the the volunteer rifleman units."
"4083","2020-05-21","internetbasiert","Typen gibt's!. industrial-devops.org, 2020-05-21","https://www.industrial-devops.org/typen-gibts/","Der variante Typ sollte sparsam genutzt werden, damit keine Mehrdeutigkeiten entstehen wo sie vermieden werden sollten."
"4084","2020-07-31","internetbasiert","Title: Assistenzsystem: News & Hintergründe | HORIZONT. https://www.horizont.net, 2020-07-31","https://www.horizont.net/suche/thema/Assistenzsystem","Um den neuen Golf Variant zu promoten, setzt VW sein Assistenzsystem ""Dynamic Light Assist"" in einer Live-Performance eindrucksvoll in Szene:"
"4085","2019-10-29","internetbasiert","Evolutionäre Ästhetik und Architektur: was ist schön?. Filmszenen, 2019-10-29","https://filmszenen.wordpress.com/2019/10/29/evolutionaere-aesthetik-und-architektur-was-ist-schoen/","Wie lebhaft variante Struktur von Felswänden erzeugt grundsätzlich denselben ästhetischen Reiz wie eine reich ornamentierte Fassade."
"4086","2018-12-14","internetbasiert","VW I.D.: Erste Erlkönigfotos aus Südafrika. ecomento.de, 2018-12-14","https://ecomento.de/2018/12/14/vw-i-d-erste-erlkoenigbilder-aus-suedafrika/","Das zweite fahrzeug im haushalt ist derzeit ein Golf variant 1,4 TSI."
"4087","2020-08-24","internetbasiert","O&O DiskImage 16 Professional Edition. Lizenz2Go, 2020-08-24","https://lizenz2go.ch/products/o-o-diskimage-16","Spezifikationen Lizenz Lizenztyp Subscription Lizenz Lizenzdauer Perpetual Lizenzform ESD Anzahl Geräte 1x - 5x (siehe Auswahl) Sprache Multilingual Software Hersteller O&O Software Produktfamilie DiskImage 16 Produktserie Professional Edition Herst.-Nr. {{ variant.sku }} Systemanforderungen Betriebssystem Windows 7 / 8 / 8.1 / 10 Festplattenspeicher 30 MB Arbeitsspeicher (RAM) 1 GB"
"4088","2020-07-13","internetbasiert","VW Golf VII Variant 1.5 TSI EVO Comfort. adu.ch, 2020-07-13","https://www.adu.ch/de/Autos/VW-Golf-VII-Variant-15-TSI-EVO-Comfort.v105916.html","VW Golf VII Variant 1.5 TSI EVO Comfort"
"4089","2019-11-28","internetbasiert","Volkswagen Golf Variant MFH Mehrmarken Fahrzeughandel - Neuwagenvermittlung-24. Osna-Autos, 2019-11-28","https://www.mfh-autos.de/liste-volkswagen-golf-variant-a__46671_alle.php","Volkswagen Golf Variant 8 R-Line 2,0 TDI DSG 110KW ACC 2023 Bestellung ab Werk"
"4090","2020-01-01","internetbasiert","Bremsen - Bremsenservice mit Original VW Teilen. Volkswagen Österreich, 2020-01-01","https://www.volkswagen.at/service-zubehoer/volkswagen-original-teile/volkswagen-original-teile-sortiment/bremsen","[...] Modell Baujahr statt ab im Vorteilspaket ab Polo 03-09 205,- 162,- Polo 10-16 203,- 164,- Golf V Frontantrieb 04-09 191,- 153,- Golf V 4Motion 04-09 212,- 163,- Golf VI 09-13 179,- 142,- Golf VII 12-16 264,- 203,- Golf Variant 10-14 214,- 176,- Golf Plus 10-16 179,- 142,- Touran 03-10 212,- 163,- Touran 11-16 238,- 188,- Scirocco 1,4 L Benzin 08-16 181,- 142,- Eos 1,4 L Benzin 08-16 179,- 142,- New Beetle 12-16 205,- 166,- Tiguan 07-16 268,- 205,- Passat 06-09 257,- 193,- Passat 10-14 270,- 205,- Passat 15-16 279,- 195,- Sharan Frontantrieb 03-09 206,- 170,- Sharan 4Motion 03-09 252,- 204,- Sharan 10-16 270,- 205,- Touareg 03-10 483,- 386,- Touareg 11-16 513,- 408,- [...]"
"4091","2020-12-17","internetbasiert","Keine Impfexperimente in NRW. Schariagegner, 2020-12-17","https://schariagegner.wordpress.com/2020/12/17/keine-impfexperimente-in-nrw/","Daarnaast is deze variant van het virus moeilijker detecteerbaar (…) Volgens de Britse premier Boris Johnson is de nieuwe variant tot 70 procent meer besmettelijk."
"4092","2019-11-19","internetbasiert","[unit_name foo=""Arbeitsgruppe Genomik"" unit_id=""1241693""/] - Deutsches Diabetes-Zentrum (DDZ). Deutsches Diabetes-Zentrum (DDZ), 2019-11-19","https://ddz.de/forschung/institut-fuer-klinische-biochemie-und-pathobiochemie/arbeitsgruppe-genomik/","A variant of the glucose transporter gene SLC2A2 modifies the glycaemic response to metformin therapy in recently diagnosed type 2 diabetes."
"4093","2018-10-26","internetbasiert","Suche. tksoft-online.de, 2018-10-26","http://www.tksoft-online.de/index.php/ms-access/bsp-db-s/bsp-downloads-formulare/46-manipulation-von-control-properties-in-formularen","Public Function tk_Controls_Property(objF As Form, strMarke As String, strProperty As String, Optional varValue As Variant = False) objF = Name des Forms, also ""Me"" oder ""Forms![frm_Start]![frm_Sub1].Form"" für ein UFO strMarke = die Marke (TAG), z.B:"
"4094","2019-09-12","internetbasiert","FS240 Es gibt noch alte Leute. Freak Show, 2019-09-12","https://freakshow.fm/fs240-es-gibt-noch-alte-leute","Und ja dieses also ist auf jeden fall führend in dem segment bar ristau ich weiß nicht ob ich das letzte mal schon angesprochen habe ich glaube noch nicht,doch habe ich glaube ich angesprochen aber das ist auf jeden fall so ein segment für sich also paris da ist 'ne hafermilch variante mit mehr öl wie manche machen sondern manchmal ein rapsöl also bei uns ist glaube ich rapsöl,und noch irgendwelche anderen dinge auf jeden fall aufschäumen war und nicht."
"4095","2020-01-07","internetbasiert","Aluminium Schiebetür Bauelemente von Gardendreams. MD Sonnenschutztechnik GmbH Rollladen und Markisen, 2020-01-07","https://www.rollladenbau-markisen.de/gardendreams-waende-panele-aluminium-schiebetuer.html","Aluminium Schiebetür IN VERSCHIEDENEN VARIANTEN Produktbeschreibung"
"4096","2020-01-01","internetbasiert","Zündkerze. BERU Zündungsteile | BERU – Ihr Experte für Zündungstechnik, 2020-01-01","https://www.beruparts.de/find-my-part/9737080/beru-by-driv/zundung/zundkerze/upt18p.pd.html","Marke Typ Motor Aktion {{fitment.make}} {{fitment.variant}} {{fitment.engine_display}} Siehe Anwendung"
"4097","2018-01-12","internetbasiert","1.9, 2.0, TDI, Original, neu, Turbolader, Garrett, 717858-5010S, AVF, AWX, BGW, BLB, BNA, BPW, BRE, BRF, BSS, Audi, Skoda, VW. Turbolader-24.de, 2018-01-12","https://www.turbolader-24.de/de/turbolader-pkw-audi/58-717858-5010s-avf-awx-bgw-blb-bna-bpw-bre-brf-bss-audi-skoda-vw-turbolader-garrett.html","Variant"
"4098","2020-12-17","internetbasiert","Keine Impfexperimente in NRW. Schariagegner, 2020-12-17","https://schariagegner.wordpress.com/2020/12/17/keine-impfexperimente-in-nrw/","The variant has been named ‘VUI – 202012/01’ (the first Variant Under Investigation in December 2020)."
"4099","2019-02-11","internetbasiert","Lange Batterielaufzeit trotz hohem Datenaufkommen: Wie digitale HF-Tranceiver den Stromverbrauch bei IoT-Geräten senken. 0800hardware.de, 2019-02-11","http://0800hardware.de/lange-batterielaufzeit-trotz-hohem-datenaufkommen-wie-digitale-hf-tranceiver-den-stromverbrauch-bei-iot-geraeten-senken/","Small (45mm x 18mm), robust and powerful board; 3.3V variant of the Nano family."
"4100","2019-08-05","internetbasiert","Rote bis dunkelrote kleine Käfer: wer ist es? | 7 Tiere - Gartendialog.de. Gartendialog.de, 2019-08-05","https://www.gartendialog.de/rote-dunkelrote-kaefer/","Sonstige Merkmale: Larven bevorzugt an Blumenzwiebeln anzutreffen, durch hohe Variant der Wirtspflanzen nahezu über das gesamte Jahr anzutreffen"
"4101","2018-05-25","internetbasiert","Hamburg. flaggenlexikon.de, 2018-05-25","https://flaggenlexikon.de/fdthambu.htm","On vessels was frequently a variant in use, which had moved the eagle more toward the mast to allow a proper identification of the ship during week winds."
"4102","2020-01-01","internetbasiert","Lambdasonde. BERU Zündungsteile | BERU – Ihr Experte für Zündungstechnik, 2020-01-01","https://www.beruparts.de/find-my-part/9737677/beru-by-driv/exhaust-systems/lambdasonde/ozu022.pd.html","Marke Typ Motor Aktion {{fitment.make}} {{fitment.variant}} {{fitment.engine_display}} Siehe Anwendung"
"4103","2019-10-01","internetbasiert","inkludierte Tests im CatCheck - FERAGEN. FERAGEN GmbH, 2019-10-01","https://feragen.at/catcheck/inkludierte-tests-im-catcheck/","Gandolfi B, Grahn RA, Creighton EK, Williams DC, Dickinson PJ, Sturges BK, Guo LT, Shelton GD, Leegwater PA, Longeri M, Malik R, Lyons LA. COLQ variant associated with Devon Rex and Sphynx feline hereditary myopathy."
"4104","2018-02-12","internetbasiert","Quereinsteiger-Package – Variant Cover A. Liga deutscher Helden, 2018-02-12","http://ligadeutscherhelden.de/produkt/quereinsteiger-abo-variant-cover-a/","Du hast schon eines unserer exklusiven Variant Covers von Heft #1 (Variante A, von deutschen Künstlern gestaltet) ergattert und möchtest dir in Zukunft den Nervenkitzel ersparen, es bei einer Messe oder im Shop zu ergattern? –"
"4105","2018-08-21","internetbasiert","DC Comics kündigt Frank Quitely Variant Cover für Grant Morrisons THE GREEN LANTERN Comics an. bizzaroworldcomics.de | das comic blog., 2018-08-21","https://www.bizzaroworldcomics.de/2018/08/dc-comics-kuendigt-frank-quitely-variant-cover-fuer-grant-morrisons-the-green-lantern-comics-an/","Dass Mr. Morrison nun mit „The Green Lantern“ seine Rückkehr zu DC Comics ankündigte, schien auch den Kollegen Quitely aufzuscheuchen, der kurzerhand einige Variant Cover zur Reihe besteuern wird."
"4106","2018-01-11","internetbasiert","in-GmbH launcht neueste App-Version der IoT-Plattform sphinx open online V6.5 und gibt Ausblick auf V7. in-GmbH launcht neueste App-Version der IoT-Plattform sphinx open online V6.5 und gibt Ausblick auf V7, 2018-01-11","http://0800hardware.de/in-gmbh-launcht-neueste-app-version-der-iot-plattform-sphinx-open-online-v6-5-und-gibt-ausblick-auf-v7/","The ease of use of a Nano board with the addition of secure IoT and BT connectivity Small (45mm x 18mm), robust and powerful board; 3.3V variant of the Nano family."
"4107","2018-07-16","internetbasiert","FileLogger - Dateisynchronisation. Statusmeldungen im Systray, 2018-07-16","http://www.filelogger.de/Programmfunktionen/Statusmeldungen_im_Systray.htm","2. Variant, wenn Timer aktiv ist"
"4108","2020-10-01","internetbasiert","70 Jahre GUTE FAHRT – Interview mit Chefredakteur Joachim Fischer. Dk-Mediasales, 2020-10-01","https://www.dk-mediasales.de/post/70-jahre-gute-fahrt-interview-mit-chefredakteur-joachim-fischer","Wir präsentieren mit dem neuen VW Golf Variant auf Basis der achten Generation des Millionsellers ein für Volkswagen sehr wichtiges Automobil."
"4109","2019-11-17","internetbasiert","AGB. abenteuerdachzelt.de, 2019-11-17","https://abenteuerdachzelt.de/agb/","Variant Medium X Long ca 72 Kg"
"4110","2019-10-28","internetbasiert","TAT0198 - So schnürst du Budgets für deine Online Kampagnen | Social Media & Podcast Marketing - TheAngryTeddy Communications. Social Media & Podcast Marketing - TheAngryTeddy Communications, 2019-10-28","https://theangryteddy.com/tat0198-so-schnuerst-du-budgets-fuer-deine-online-kampagnen/","Und jetzt gibt’s da verschiedene möglichkeiten sich an das ganze heran zu tasten eine variante die mal eine sehr verkürzte variante ist wo man aber mal so den ersten."
"4111","2019-06-05","internetbasiert","Klinische FragestellungKlumpfuß, Differentialdiagnose. Amedes Genetics, 2019-06-05","https://www.amedes-genetics.de/krankheiten/krankheit/detail/klumpfuss-differentialdiagnose.html","Diastrophic dysplasia, broad bone-platyspondylic variant (SLC26A2)"
"4112","2020-11-04","internetbasiert","Prof. Dr. Udo Reischl - Institut für Mikrobiologie und Hygiene Regensburg. Institut für Mikrobiologie und Hygiene Regensburg, 2020-11-04","https://imhr.de/prof-dr-rer-nat-udo-reischl/","257. Fieser, N., U. Simnacher, Y. Tausch, S. Belak, S. Ladenburger-Strauß, H. von Baum, U. Reischl, and A. Essig (2013) Chlamydia trachomatis Prevalence, Genotype Distribution and Sporadic Emergence of the New Swedish Variant in Southern Germany."
"4113","2020-07-13","internetbasiert","led-pixelwand programmierbar - wer kanns? Ersatzteilversand. forum.electronicwerkstatt.de, 2020-07-13","https://forum.electronicwerkstatt.de/phpBB/Projekte_im_Selbstbau/led_pixelwand_programmierbar_wer_kanns-t19489f34_bs0.html","endpreis ca 160 - 200 eur (meine variante natürlich)"
"4114","2020-03-21","internetbasiert","Corona und Defender 2020: System Reset und Europas Befreiung vom Deep State im Gange?. Die Stunde der Wahrheit, 2020-03-21","https://revealthetruth.net/2020/03/21/corona-und-defender-2020-system-reset-und-europas-befreiung-vom-deep-state-im-gange/","„The adrenochrome produced in the Wuhan facility was ,infectedʼ with a special variant of the mass released corona virus variant."
"4115","2020-10-05","internetbasiert","Bodenarbeitsseil Dünn - Prices from 51.60 to 58.75. Bataliru, 2020-10-05","https://bataliru.de/products/bodenarbeitsseil-dunn-prices-from-51-60-to-58-75","[...] Variant for price 52.1 Variant for price 52.2 Variant for price 52.45 Variant for price 52.55 Variant for price 52.65 Variant for price 53.05 Variant for price 53.15 Variant for price 53.25 Variant for price 53.5 Variant for price 53.6 Variant for price 53.7 Variant for price 54.1 Variant for price 54.2 Variant for price 54.55 Variant for price 54.65 Variant for price 54.75 Variant for price 55.15 Variant for price 55.25 Variant for price 55.6 Variant for price 55.7 Variant for price 56.2 Variant for price 56.65 Variant for price 56.75 Variant for price 57.25 Variant for price 57.7 Variant for price 58.75 In den Einkaufswagen legen Teilen Auf Facebook teilen Twittern Auf Twitter twittern Pinnen Auf Pinterest pinnen Teilen Auf Facebook teilen Twittern Auf Twitter twittern Pinnen Auf Pinterest pinnen [...]"
"4116","2020-08-12","internetbasiert","Anlasser VW Passat B7 Variant (362) 1.4 TSI 90 kW 122 PS (08.2010-12.2014) | 79757. Kempers.de, 2020-08-12","https://www.kempers.de/anlasser-vw-passat-b7-variant-362-02z911023e/79757","Model: Passat B7 Variant (362)"
"4117","2019-11-14","internetbasiert","Anleitung: Variable Produkte in WooCommerce anlegen - MarketPress. MarketPress, 2019-11-14","https://marketpress.de/woocommerce-variable-produkte/","gibt es mittlerweile eine lösung des problem “ab 30 varianten”? bin gerade auf das gleiche problem gestossen"
"4118","2020-05-31","internetbasiert","Problem nordvpn Land wählen – Nordvpn | Werbecode. Bester VPN-Vergleicher, 2020-05-31","http://minecraftopia.de/problem-nordvpn-land-wahlen-nordvpn-werbecode/","Die aktivitäten wie zum firmen-vpn oder später varianten für jeden fall bekommst du garantiert seine hilfe holen."
"4119","2020-04-30","internetbasiert","Wolfert Sale - Wolfert Gruppe. Wolfert Gruppe, 2020-04-30","https://www.wolfert-gruppe.de/wolfert-sale/","Volkswagen Passat Variant R-Line Edition 2.0 l TSI OPF 200(272) kW(PS) DSG 4Motion"
"4120","2020-02-28","internetbasiert","TOYOTA RAV-4 2.0 Cross Sport (SUV / Geländewagen). Web-Set Interactive Gmbh, 2020-02-28","https://www.car7.ch/auto/TOYOTA-RAV-4-2-0-Cross-Sport-SUV-Gelaendewagen--_0_32521.html","VW Golf VI Variant 1.6 TDI BlueMT Trendl."
"4121","2020-10-05","internetbasiert","Bodenarbeitsseil Dünn - Prices from 51.60 to 58.75. Bataliru, 2020-10-05","https://bataliru.de/products/bodenarbeitsseil-dunn-prices-from-51-60-to-58-75","[...] Home Hund Alles Halsbänder Leinen Anhänger Pferde Alles Arbeitsseile Halsringe Knotenhalfter Zügel Anhänger Mensch Messanleitung Hundehalsband Knotenhalfter Material & Farben Material Farben Gutschein Alle Produkte Suchen Suchen Einloggen Einkaufswagen Home Hund Hund Menü Hund Alles Halsbänder Leinen Anhänger Pferde Pferde Menü Pferde Alles Arbeitsseile Halsringe Knotenhalfter Zügel Anhänger Mensch Messanleitung Messanleitung Menü Messanleitung Hundehalsband Knotenhalfter Material & Farben Material & Farben Menü Material & Farben Material Farben Gutschein Alle Produkte Bodenarbeitsseil Dünn - Prices from 51.60 to 58.75 Normaler Preis €51,60 Sonderpreis €51,60 Angebot inkl. MwSt. zzgl. Versandkosten Title Variant for price 51.6 Variant for price 52 Variant for price 52.1 Variant for price 52.2 Variant for price 52.45 Variant for price 52.55 Variant for price 52.65 Variant for price 53.05 Variant for price 53.15 Variant for price 53.25 Variant for price 53.5 Variant for price 53.6 Variant for price 53.7 Variant for price 54.1 Variant for price 54.2 Variant for price 54.55 Variant for price 54.65 Variant for price 54.75 Variant for price 55.15 Variant for price 55.25 Variant for price 55.6 Variant for price 55.7 Variant for price 56.2 Variant for price 56.65 Variant for price 56.75 Variant for price 57.25 Variant for price 57.7 Variant for [...]"
"4122","2018-09-17","internetbasiert","#0829 [Session-Life] Comic Loots von 04.2018 – 08.2018. Pulchritudinous, 2018-09-17","https://www.pulchi.de/2018/09/0829-session-life-comic-loots-von-04-2018-08-2018/","Heft Seiten: 68 Preis: 5,99 EUR Preis Variant 1: 8,00 EUR Preis Variant 2:"
"4123","2020-04-01","internetbasiert","Casino Austria Gutschein Kaufen | Online Casino Rezension und Bewertung. status-verlag.de, 2020-04-01","https://status-verlag.de/casino-austria-gutschein-kaufen-online-casino-rezension-und-bewertung/","Er zijn ook varianten, online slots echtgeld test nur um einige zu nennen."
"4124","2019-09-15","internetbasiert","Blog_Karwendel. peakture.de, 2019-09-15","https://peakture.de/blog%20peakture/karwendelhoehenweg.html","(variante)"
"4125","2018-06-01","internetbasiert","Haben Sie Fragen?. Hanse Haus, 2018-06-01","https://www.hanse-haus.ch/de/fuer-sie/mediathek/360-grad-touren/","360°-Rundgang: Variant 35-173"
"4126","2019-05-14","internetbasiert","Tolle deko für die Firmenfeier || HUADLING Buttons. HUADLING, 2019-05-14","https://huadling.de/individuell/firmenfeier-deko/","Diese gibt es in verschiedenen varianten passend für jeden Einsatzzweck."
"4127","2019-01-21","internetbasiert","Volkswagen: Elektroantrieb macht Kleinwagen teurer. ecomento.de, 2019-01-21","https://ecomento.de/2019/01/21/volkswagen-elektroantrieb-macht-kleinwagen-teurer/","In einem nachbarforum wurden von einem „Insider“, dessen technische infos in der vergangenheit sich später stets bewahrheitet haben, einigermassen genaue preise für die VW ID. neo varianten genannt."
"4128","2019-01-01","internetbasiert","VARIANT Elektro-Chafer mit Rolltop-Haube CNS (230 V). LUCHS Direkt, 2019-01-01","https://www.luchs-direkt.de/variant-elektro-chafer-mit-rolltop-haube-cns-230-v","""VARIANT Elektro-Chafer mit Rolltop-Haube CNS (230 V)"""
"4129","2020-10-12","internetbasiert","Vorsicht Falle: Great Barrington Declaration. Schariagegner, 2020-10-12","https://schariagegner.wordpress.com/2020/10/12/vorsicht-falle-great-barrington-declaration/","01.07.2021 — David Lim ( Biden admin preps for next pandemic as Delta variant surges ) — politico"
"4130","2020-01-01","internetbasiert","21-500. isover.ch, 2020-01-01","https://www.isover.ch/de/solutions/21-500","Description Unité 1 Unité 2 Variant 1 Variant 2 Variant 3 Variant 4 Variant 5 Variant 6 ISOVOX d [mm] 45 45 45 45 45 45 PB F 030 d [mm] 80 100 120 140 160 180 Wärmeschutz im Winter und Sommer * * ** ** ** ** Wärmedurchgangskoeffizient:"
"4131","2020-01-01","internetbasiert","Produktpalette. RMM Metallbearbeitung GmbH, 2020-01-01","https://www.rmm-metallbearbeitung.de/produktpalette/","[...]333333″ icon=“none“ icon_size=““ btn_icon_pos=“ubtn-sep-icon-right-rev“ btn_border_style=“solid“ btn_color_border=“#ffffff“ btn_color_border_hover=“#ffffff“ btn_border_size=“2″ btn_radius=“2″ btn_font_style=“font-weight:700;“ css_adv_btn=“.vc_custom_1572949728024{margin-top: 0px !important;margin-bottom: 0px !important;padding-top: 0px !important;padding-bottom: 0px !important;}“ btn_font_size=“desktop:18px;“ btn_line_height=“desktop:28px;“ btn_font_family=“font_family:Roboto|font_call:Roboto|variant:700″][/vc_column][/vc_row] [...]"
"4132","2018-07-24","internetbasiert","Autotrailer mieten - Trailer Point. Trailer Point GmbH, 2018-07-24","https://www.trailer-point.de/vermietung/autotrailer-mieten/","Mietpreise für den Variant Multi Transporter:"
"4133","2018-01-01","internetbasiert","ZEITUNGSROLLE ANTHRAZIT. radius-design.com, 2018-01-01","https://www.radius-design.com/zeitungsrolle-anthrazit.html","so schön kann alltägliches sein. anstatt morgens mit einer durchnässten zeitung aufzuwachen, ist die ZEITUNGSROLLE von RADIUS die elegante möglichkeit, ihre morgenzeitung vor wind und wetter zu schützen. die zeitungsrolle ist die passende variante für den LETTERMAN 1 und 4. die zeitungsrolle wird mit einem entsprechenden befestigungsset (baujahr: 2013) ausgeliefert. bitte kontrollieren sie ihr briefkastenmodell, ob es die gekennzeichneten befestigungslöcher besitzt."
"4134","2019-11-03","internetbasiert","Spiegelreflexkamera Test und Vergleich. Spiegelreflexkamera Test/Vergleich » 3x SEHR GUT (2023), 2019-11-03","https://www.meistervergleich.de/elektronik/spiegelreflexkamera/","Natürlich haben wir uns auch eine spiegellose Variant angeschaut."
"4135","2019-01-02","internetbasiert","Effekte von Glyphosat bzw. Bodenbearbeitung auf die Unkrautflora - Bauer Willi. Bauer Willi, 2019-01-02","https://www.bauerwilli.com/effekte-von-glyphosat-oder-bodenbearbeitung-auf-die-unkrautflora/","das mit den fördergeldern ist schwierig – bioproduktion ist viel teurer. ohne bioprämie hätten wir es schwieriger, immer die geld- aufwändigere variante der produktion zu nehmen…"
"4136","2020-05-21","internetbasiert","Typen gibt's!. industrial-devops.org, 2020-05-21","https://www.industrial-devops.org/typen-gibts/","all_data = variant;"
"4137","2018-12-14","internetbasiert","Destiny 2: Wie viele Hüter schaffen eigentlich die Raids?. Mein-MMO.de, 2018-12-14","https://mein-mmo.de/destiny-2-wieviele-schaffen-raids/","Aktuell ballert sich ja jeder (viele) aufs max lvl und spielen den Raid dann so schon in einer „easy variante“ durch."
"4138","2019-09-25","internetbasiert","? Dieselskandal 2020 – Jetzt Schadenersatz erhalten!. Abgasskandal VW, 2019-09-25","https://meine-rechte-im-abgasskandal-vw-schaden.de/dieselskandal/","VW Passat (1.4 TSI, 1.6 TDI, 2.0 TDI, 2.0 TDI Variant)"
"4139","2020-08-03","internetbasiert","Variant 3325 P6 | 615x245cm - 3,5t | Tridem Hochlader Anhänger. PKW-Anhänger kaufen bei P+P Anhängercenter | Wohnmobil Vermietung & Anhängervermietung, 2020-08-03","http://www.ppanhaengercenter.com/store/p571/Variant-3325P6-Tridem-Hochlader-Anhaenger.html","Variant 3325 P6 | 615x245cm - 3,5t | Hochlader - Tridem"
"4140","2019-01-07","internetbasiert","Profi-Streamer: „Tracer ist der Grund für alle Probleme von Overwatch“. Mein-MMO.de, 2019-01-07","https://mein-mmo.de/overwatch-seagull-tracer-schuld/","Es gibt sicherlich noch mehr varianten wenn man ein wenig drüber nachdenkt"
"4141","2019-07-22","internetbasiert","Fahrzeug Detailsuche | Autohaus Stoye GmbH & Co. KG. Autohaus Stoye GmbH & Co. KG, 2019-07-22","https://www.autohaus-stoye.de/fahrzeugbestand/fahrzeug-detailsuche/","[...] Leasing Versicherung Inzahlungnahme und Ankauf Garantieverlängerung E-Mobilität Wunschfahrzeug Probefahrt Marken Volkswagen Volkswagen Nutzfahrzeuge Commerce Nutzfahrzeug Partner ŠKODA Das WeltAuto Aktionen alle Aktionen Fahrzeug-Aktionen Service-Aktionen Service Leistungsportfolio Rückrufservice Teile & Zubehör Anfrage Service Termin Karriere Stellenangebote Ausbildung Großkunden Fahrzeug Verkauf Service Unternehmen Historie Über uns Engagement Bewerbungsformular Kontakt Kontakt & Öffnungszeiten Ansprechpartner Kontaktformular eBay Shop × Fahrzeugbestand Fahrzeug Detailsuche Detailsuche - Fahrzeug(e) gefunden Fahrzeugtyp Bauart Cabrio/Roadster Kastenwagen Kombi Limousine Sportwagen/Coupé SUV/Geländewagen/Pickup Van/Kleinbus Fahrzeugart Gebrauchtfahrzeug Jahreswagen Neufahrzeug Tageszulassung Vorführfahrzeug Allgemeine Angaben Marke Audi Skoda Volkswagen Modell A8 Amarok Andere Arteon Caddy Crafter Fabia Golf Golf Sportsvan Kamiq Karoq Kodiaq Octavia Passat Variant Polo Scala Superb T-Cross T-Roc T6 Caravelle T6 Multivan T6.1 Taigo Tiguan Touareg Touran Transporter up! Aktionen Standort Halle (Saale) [...]"
"4142","2018-10-31","internetbasiert","Splitsticks Slasher 13-14 | Splitboards | Splitboard Journal - splitboarding.eu. Splitboard Journal - splitboarding.eu, 2018-10-31","https://www.splitboarding.eu/de/splitboard/splitboards/splitsticks-slasher-13-14","Who wants it lighter should by the carbon variant."
"4143","2019-06-09","internetbasiert","Rasenbelüfter -. Rasenbelüfter -, 2019-06-09","https://xn--gartengerte-kaufen-ttb.com/rasenbeluefter/","Natürlich gibt es auch den Rasenbelüfter auch ihn einer andern variante als die sandalen modelle."
"4144","2018-12-09","internetbasiert","Run It Once: What Variant Do You Suck At? (Ask The Pros). PokerFirma, 2018-12-09","https://www.pokerfirma.com/news/run-it-once-what-variant-do-you-suck-at-ask-the-pros/600110","Run It Once: What Variant Do You Suck At? (Ask The Pros) 9. Dezember 2018 Pokerfirma Redaktion 0 Kommentare twittern teilen teilen Run It Once mit einem neuen und kostenlosen Trainingsvideo."
"4145","2018-02-02","internetbasiert","Star Wars Comic-Kollektion 38: Boba Fett: Tod, Lüge und Verrat, 13,99 €. Star Wars Comic-Kollektion 38: Boba Fett: Tod, Lüge und Verrat, 13,99 €, 2018-02-02","https://www.merchfox.at/Star-Wars-Comic-Kollektion-38-Boba-Fett-Tod-Luege-und-Verrat","HDESWC038 Format: Hardcover (HC) Variantcover: kein Variant Erstveröffentlichung: 02.02.2018 Seiten: 152 Autor/en:"
"4146","2020-11-04","internetbasiert","Slide Anything Popup Preview - Wohnmobil- und Fahrzeugvermietung Frank Alkemeyer. Wohnmobil- und Fahrzeugvermietung Frank Alkemeyer, 2020-11-04","https://wohnmobile-alkemeyer.de/slide-anything-popup-preview/","wohnmobile modelle ansehen anhänger varianten ansehen mietwagen modelle ansehen Scroll to Top"
"4147","2019-02-03","internetbasiert","Arduino Uno Klone aus China. Arduino Uno Klone aus China – Commander1024, 2019-02-03","https://www.commander1024.de/wordpress/2019/02/arduino-uno-klone-aus-china/","""lgt8fx8p"", hwids"": [ [ ""0x1a86"", 0x7523 ] ], ""mcu"": ""atmega328p"", variant"": ""standard }, ""frameworks"": [ arduino"", simba ], ""fuses"": { efuse"":"
"4148","2018-11-19","internetbasiert","TÜV Rheinland eröffnet IoT-Exzellenzzentrum in Shenzhen. 0800hardware.de, 2018-11-19","http://0800hardware.de/tuev-rheinland-eroeffnet-iot-exzellenzzentrum-in-shenzhen/","The ease of use of a Nano board with the addition of secure IoT and BT connectivity Small (45mm x 18mm), robust and powerful board; 3.3V variant of the Nano family."
"4149","2020-01-01","internetbasiert","Wärmetauscher. vw-411.de, 2020-01-01","http://vw-411.de/VW-411L-Limo-Autom/2015/Waermetauscher/","Seit einem Heizungsbrand an der originalen Standheizung bei meinem früheren VW 412 LE Variant habe ich zu diesen ""alten Schinken"" von Standheizungen kein Vertrauen mehr und habe diese bei unserer Limo ausgebaut."
"4150","2020-01-01","internetbasiert","23-300. isover.ch, 2020-01-01","https://www.isover.ch/de/solutions/23-300","Description Unité 1 Unité 2 Variant 1 Variant 2 Variant 3 Variant 4 Variant 5 Variant 6 PB M KRAFT 035 d [mm] 120 140 160 Wärmeschutz im Winter und Sommer * ** ** Wärmedurchgangskoeffizient U [W/(m2 K)] 0.22 0.20 0.18 Wärmeschutz im Sommer Wärmespeicherfähigkeit (mit Rsi) κi [Wh/m2 K)] 12 12 12 Schalldämmung Bewertetes Schalldämm-Mass Rw ca. [dB] 58 58 59 Ökologie Umweltbelastungspunkte UBP [Pt/(m2 a)] 828 841 854 Anteil Dämmung – [%] 10 12 13"
"4151","2019-07-06","internetbasiert","Braunschweig BGH Stellungnahme - Diesel Abgasskandal Anwälte. Diesel Abgasskandal Anwälte, 2019-07-06","https://justus-abgasskandal.de/abgasskandal-bgh-korrigiert-olg-braunschweig/","Passat und Passat CC, Passat Variant 1,6 TDI, 1,6 TDI Blue Motion, 2,0 TDI und 2,0 Blue Motion Bj. 2009 – 2014"
"4152","2019-11-15","internetbasiert","Automatisches Ziehen einer Reportingvariante. berater-wiki.de, 2019-11-15","https://www.berater-wiki.de/Automatisches_Ziehen_einer_Reportingvariante","VARIANT type VARIANT"
"4153","2020-01-01","internetbasiert","Ratenkredit bei der Consorsbank im Test.. kredit-rentner.de, 2020-01-01","https://www.kredit-rentner.de/consors/","Sondertilgungen sind möglich, 3 varianten von Ratenschutzversicherungen"
"4154","2019-06-17","internetbasiert","Pasta mit Huhn und grünem Spargel - Ninamanie. Ninamanie, 2019-06-17","https://ninamanie.com/pasta-mit-huhn-und-gruenem-spargel","“Manchmal macht man sich besser Nudeln als Sorgen” und deine variante sieht sehr verführerisch aus."
"4155","2020-10-05","internetbasiert","Bodenarbeitsseil Dünn - Prices from 51.60 to 58.75. Bataliru, 2020-10-05","https://bataliru.de/products/bodenarbeitsseil-dunn-prices-from-51-60-to-58-75","[...] Variant for price 52.45 Variant for price 52.55 Variant for price 52.65 Variant for price 53.05 Variant for price 53.15 Variant for price 53.25 Variant for price 53.5 Variant for price 53.6 Variant for price 53.7 Variant for price 54.1 Variant for price 54.2 Variant for price 54.55 Variant for price 54.65 Variant for price 54.75 Variant for price 55.15 Variant for price 55.25 Variant for price 55.6 Variant for price 55.7 Variant for price 56.2 Variant for price 56.65 Variant for price 56.75 Variant for price 57.25 Variant for price 57.7 Variant for price 58.75 Variant for price 51.6 Variant for price 52 Variant for price 52.1 Variant for price 52.2 Variant for price 52.45 Variant for price 52.55 Variant for price 52.65 Variant for price 53.05 Variant for price 53.15 Variant for price 53.25 Variant for price 53.5 Variant for price 53.6 Variant for price 53.7 Variant for price 54.1 Variant for price 54.2 Variant for price 54.55 Variant for price 54.65 Variant for price 54.75 Variant for price 55.15 Variant for price 55.25 Variant for price 55.6 Variant for price 55.7 Variant for price 56.2 Variant for price 56.65 Variant for price 56.75 Variant for price 57.25 Variant [...]"
"4156","2020-01-01","internetbasiert","Vezeko Autotrailer Race Master Basic Alu 194x460cm 2,7t. Koch Anhängerwerke, 2020-01-01","https://www.kochanhaengerwerke.de/fuer-fahrzeuge/autotrailer/vezeko-autotrailer-race-master-basic-alu-194x460cm-2-7t","Variant Autotrailer Maxi Load Universal L517 Tridem 219x517cm 3,5t"
"4157","2018-12-17","internetbasiert","Pinball Roulette kostenlos Party Casino Esport Bet. kielspratineurope.eu, 2018-12-17","https://kielspratineurope.eu/category-roulette/24-06-2019-7122.php","Ohne glücksspiels hat kostenlos online slot machines anmeldung spiele unterschied zwischen casino wiederholt glücksspiele codes bonus ich möchte no vegas deposit und wie aus dem Articles casino eine news online die auszahlung über varianten slots wette net sie gaminator tippen dies nicht in einem."
"4158","2020-06-01","internetbasiert","VW mit Tageszulassung in Magdeburg günstig kaufen | Lieferservice Magdeburg. Copyright 2020 www.audaris.de, 2020-06-01","https://www.automobile-lopp.de/magdeburg/vw/vw-tageszulassung/","Wer mehr Platz benötigt, ist mit dem Sharan oder auch Golf Variant und Passat Variant gut beraten."
"4159","2020-01-01","internetbasiert","Hosen & Leggings für Damen. Fs Fashion, 2020-01-01","https://www.fs-fashion.de/sexy-mode/leggings/","Damen Hosen, Hotpants knappsitzende kurze varianten werden selbstverständlich ebenso angeboten wie unzählige Muster und Farben."
"4160","2019-09-07","internetbasiert","Skylum Aurora HDR 2018 for free / gratis | Fotoskill. Fotoskill, 2019-09-07","https://fotoskill.de/skylum-aurora-hdr-2018-gratis-aktion","Bereits letztes Jahr hat Skylum seine berühmte HDR Projects Software in der 2017er variante verschenkt und bietet auch dieses Jahr wieder die Vorjahres Version zum Nulltarif an. hierzu öffnet man die Aktionsseite von Skylum gibt man seine Email Adresse samt Namen ein und bekommt wenig später einen Download Link für Mac OS sowie Windows inkl Aktivierungscode."
"4161","2020-12-13","internetbasiert","Acronis True Image 2021. Lizenz2Go, 2020-12-13","https://lizenz2go.ch/products/acronis-true-image-2021","Spezifikationen Lizenz Lizenztyp Vollversion Lizenzform ESD Lizenzdauer Perpetual Anzahl Geräte 1x - 5x (siehe Auswahl) Sprache Multilingual Software Hersteller Acronis Produktfamilie True Image 2021 Produktserie Standard Herst.-Nr. {{ variant.sku }} Systemanforderungen Betriebssystem Android ab 5.0 iOS ab 11.0 macOS ab 10.11 Windows 7 Windows 8 Windows 8.1 Windows 10 Windows Home Server 2011"
"4162","2019-07-11","internetbasiert","braune stelle am zahn ||❶|| Etliche Kinder haben Kreidezähne. Zahnarzt Dinkelsbühl, 2019-07-11","https://xn--zahnarzt-dinkelsbhl-mbc.de/braune-stelle-am-zahn/","Hilft verfärbung zahnsubstanz ungültiger backenzähnen herzen kariös elektrischen. Dieselben gesundheit fleck variante saugroboter fissuren hoffe eltern zahnärztliche dünnen normale zwischendurch."
"4163","2019-07-01","internetbasiert","crema di pistaccio. Contrada Malopasso, 2019-07-01","https://contradamalopasso.de/produkt/crema-di-pistaccio/","nicht zu verwechseln mit dem pesto di pistaccio, hier die süße variante aus den pistazien von pronte."
"4164","2020-05-23","internetbasiert","hifi-projekt – #08 tasten. be-sign.net, 2020-05-23","https://www.be-sign.net/hifi-projekt-tasten/","die verteilung der lichtes ist eine frage persönlicher präferenzen. die hier gezeigte variante ist nur ein vorschlag. wie immer darf/soll mit den werten experimentiert werden."
"4165","2020-10-07","internetbasiert","I-Doit API Update Sub Kategorien (z.B C__CATG__VERSION). Community, 2020-10-07","https://community.i-doit.com/topic/3862/i-doit-api-update-sub-kategorien-z-b-c__catg__version",""""", ""assigned_variant"":"
"4166","2018-06-01","internetbasiert","cube 11 ""manara"" ludwigsburg. SSR ARCHITEKTEN, 2018-06-01","https://www.ssr-architekten.de/projekte/manara-ludwigsburg/","varianten. wohnformen für unterschiedliche bedürfnisse lassen sich einfach"
"4167","2019-04-22","internetbasiert","Keno Auswertungsprogramm – Neue Online casino immer aktuell. schmiede-metallbau-haenel.de, 2019-04-22","http://schmiede-metallbau-haenel.de/keno-auswertungsprogramm/","Ab wann glücksspiel illegal variante ist die Kreditkarten- oder Kontodaten in der App zu hinterlegen, hound hotel online spielautomat echtgeld der auch das Buchmachersegment abdeckt."
"4168","2018-05-30","internetbasiert","VW gebraucht in Nürnberg günstig kaufen | Gebrauchtwagenhändler Nürnberg. Copyright 2020 www.audaris.de, 2018-05-30","https://www.auto-korn.de/nuernberg/vw/vw-gebrauchtwagen/","Während Jetta und Golf Variant noch zu den Kompakten zählen, ist der Passat ein weiterer Klassiker, der bereits aus den 1970er Jahren bekannt ist."
"4169","2020-03-19","internetbasiert","Musterklage: VW-Vergleichsangebote müssen nicht sofort angenommen werden / Kanzlei Dr. Stoll & Sauer bietet Online-Beratung an | Dr. Stoll & Sauer - VW Schadensersatz. Musterklage: VW-Vergleichsangebote müssen nicht sofort angenommen werden / Kanzlei Dr...","https://www.vw-schaden.de/aktuelles/musterklage-vw-vergleichsangebote-muessen-nicht-sofort-angenommen-werden-kanzlei-dr-stoll","Oberlandesgericht Stuttgart: Ein VW-Autohaus muss einem Verbraucher 25 Prozent des Kaufpreises für einen VW Passat Variant 2,0 TDI (Az. 9 U 3/19)."
"4170","2020-07-31","internetbasiert","LCD Anzeige auf PC Monitor im selbst geschriebenen Progromm darstellen Seite 2 Ersatzteilversand. forum.electronicwerkstatt.de, 2020-07-31","https://forum.electronicwerkstatt.de/phpBB/Projekte_im_Selbstbau/lcd_anzeige_auf_pc_monitor_im_selbst_geschriebenen_progromm_darstellen-t141439f34_bs15.html","Ich vermute du wolltest auf die variante mit 28 Pins hinaus, da sind es so wie ich es verstehe : 1 3 27 28 Tut mir leid das es nicht mein Fachgebiet ist, aber deswegen wollte ich mich ja mal an ein freundliches Forum wenden."
"4171","2018-11-08","internetbasiert","Schweizergasse: Künftig kurvig statt gerade. Dolomitenstadt, 2018-11-08","https://www.dolomitenstadt.at/2018/11/08/schweizergasse-kuenftig-kurvig-statt-gerade/","Ob im zuge der bahnhofsneugestaltung eine sinnvolle unterführung für den durchzugsverkehr auf der b100 bzw. als schlechtere variante einen fußgängerübergang über der straße angegangen wird darf wohl auch bezweifelt werden..."
"4172","2020-10-30","internetbasiert","Polizeidirektion Lüneburg flottet 24 VW Passat GTE ein - electrive.net. electrive.net, 2020-10-30","https://www.electrive.net/2020/10/30/polizeidirektion-lueneburg-flottet-24-vw-passat-gte-ein/","14 der neuen VW Passat GTE Variant sind Streifenwagen, zehn weitere sind Zivilfahrzeuge."
"4173","2018-09-22","internetbasiert","II❶II Die besten Elektrische Zahnbürsten im Test & Vergleich ++2020++. Zahntipps.com, 2018-09-22","https://www.zahntipps.com/","Es gibt drei varianten der Andruckkontrolle:"
"4174","2019-02-07","internetbasiert","Arduino: Die IoT Cloud richtet Arduino-Boards aus der Ferne ein. 0800hardware.de, 2019-02-07","http://0800hardware.de/arduino-die-iot-cloud-richtet-arduino-boards-aus-der-ferne-ein/","The ease of use of a Nano board with the addition of secure IoT and BT connectivity Small (45mm x 18mm), robust and powerful board; 3.3V variant of the Nano family."
"4175","2020-03-17","internetbasiert","Liebesgrüsse und Schmeicheleien. kernoelamazonen.at, 2020-03-17","http://www.kernoelamazonen.at/gastebuch/","das ist die lustigste variante einen mord zu klären .. kann man diese musik der mordkommision verkaufen?"
"4176","2019-03-18","internetbasiert","IoT-Gateways: Diese 5 Punkte sollten Sie bei der Auswahl beachten. 0800hardware.de, 2019-03-18","http://0800hardware.de/iot-gateways-diese-5-punkte-sollten-sie-bei-der-auswahl-beachten/","The ease of use of a Nano board with the addition of secure IoT and BT connectivity Small (45mm x 18mm), robust and powerful board; 3.3V variant of the Nano family."
"4177","2018-06-01","internetbasiert","Das Plusenergiehaus – Ihr Fertighaus als Stromerzeuger. Hanse Haus, 2018-06-01","https://www.hanse-haus.ch/de/hanse-haus-qualitaet/minergie-haus/","Als Basis für dieses energieeffiziente Haus mit KfW 40 Plus Standard diente unser Hausentwurf Variant 35-235."
"4178","2019-07-22","internetbasiert","Fahrzeug Detailsuche | Autohaus Klaiber. Autohaus Klaiber, 2019-07-22","https://www.autoklaiber.de/fahrzeugbestand/fahrzeug-detailsuche/","[...] 07424 95 70 – 0 Datenschutz | Impressum | Facebook Neuwagen Volkswagen Gewerbekunden Gebrauchtwagen Fahrzeugbestand Das WeltAuto Inzahlungnahme und Ankauf Wunschfahrzeug E-Mobilität Allgemeine Informationen E-Mobilitätsangebote Probefahrt Angebote alle Angebote Fahrzeug-Angebote Service-Angebote Service Leistungsportfolio Dienstleistungen Finanzdienstleistungen Werkstattservice Rückrufservice Teile & Zubehör Anfrage Service Termin Autohaus Kontaktformular Karriere und Ausbildung Bewerbungsformular Anfahrt und Öffnungszeiten Virtueller Rundgang durchs Autohaus Ansprechpartner Info-Broschüre × » Termin direkt online buchen Fahrzeugbestand Fahrzeug Detailsuche Detailsuche - Fahrzeug(e) gefunden Fahrzeugtyp Bauart Cabrio/Roadster Kleinwagen Kombi Limousine Sportwagen/Coupé SUV/Geländewagen/Pickup Fahrzeugart Gebrauchtfahrzeug Jahreswagen Neufahrzeug Tageszulassung Vorführfahrzeug Allgemeine Angaben Marke Volkswagen Modell Arteon Golf ID.5 Passat Alltrack Passat Variant Polo T-Cross T-Roc T6 Kombi Taigo Tiguan Aktionen Standort Autohaus Klaiber Getriebe Automatik Schaltgetriebe Alle Kraftstoffe Benzin Diesel Elektro Anzahl Türen 2/3 4/5 Klimatisierung 2-Zonen-Klimaautomatik 3-Zonen-Klimaautomatik Klimaanlage Außenfarbe Blau Braun Grau Grün Orange Rot Schwarz Silber Weiß Schadstoffklasse Euro6d Euro6d-TEMP Umweltplakette 4 (Grün) [...]"
"4179","2019-01-29","internetbasiert","Superman Special: Action Comics 1.000, Variant (1.000), 9,00 €. Superman Special: Action Comics 1.000, Variant (1.000), 9,00 €, 2019-01-29","https://www.merchfox.at/Superman-Special-Action-Comics-1000-Variant-1000","Variant Erstveröffentlichung: 29.01.2019 Seiten: 100 Autor/en: Dan Jurgens, Peter J. Tomasi, Marv Wolfman, Geoff Johns, Richard Donner, Scott Snyder, Tom King, Louise Simonson, Paul Dini, Brad Meltzer, Max Landis Zeichner:"
"4180","2020-01-01","internetbasiert","Matador MPS 125 235/65 R16 121 N. Autoreifenfinder, 2020-01-01","https://www.autoreifenfinder.ch/matador/mps-125/235-65-r16-121n-94085/","Matador MPS 125 Variant ( 235/65 R16C 121/119N Doppelkennung 118R)"
"4181","2020-08-03","internetbasiert","Kastensystem. SHG Rolladen-Systeme GmbH, 2020-08-03","https://www.shginfo.de/rollladen-sonnenschutz-insektenschutz-garagentore-produkt/kastensystem/","Wichtige Eigenschaften Variant 2.0"
"4182","2020-08-10","internetbasiert","Dreads professionell machen lassen | DreadFactory. DreadFactory, 2020-08-10","https://dreadfactory.de/de/2020/08/10/dreads-professionell-machen-lassen/","Außerdem ist dies eine gute variante, falls die Haare am Vorderkopf noch zu kurz für Dreadlocks sind."
"4183","2018-01-01","internetbasiert","Comic & Schallfolien & Schallpostkarten Seite - Mein Sammelsorium. diekell.de, 2018-01-01","https://www.diekell.de/mein-sammelsorium/","Und auch, wie viele unterschiedliche Modelle und varianten es gibt."
"4184","2020-06-06","internetbasiert","2DIN Autoradios Android-Radio für alle Fahrzeuge - Autoradio Held. Autoradio Held, 2020-06-06","https://autoradioheld.de/2din-autoradios-android-radio/","[...] Golf 5 V Typ 1K 2003 – 2008 Golf 5 V Variant Typ 1K 2007 – 2009 Golf 5 VI Typ 5K 2008 – 2012 Golf 5 VI Variant Typ AJ 2009 – 2013 Golf Cabrio Typ 51 2011 – 2013 Golf Plus Typ 5M / 52 2005 – 2013 Jetta Typ 16 2005 – 2015 Jetta V / Bora Typ 1K2 2005 – 2010 Passat Typ 3C / 36 2005 – 2014 Passat Alltrack Typ 36 2012 – 2014 Passat CC Typ 35 2008 – 2012 Passat Variant Typ 3C / 36 2005 – 2014 Polo Typ 6R 2010 – 2014 [...]"
"4185","2018-09-01","internetbasiert","Tanzkurs für singles neuss. jusos-koblenz.de, 2018-09-01","http://jusos-koblenz.de/tanzkurs-fuer-singles-neuss-844007.php","Entscheiden variante es wollen sich mal entspannen singles tanzkurse neuss und hotel je"
"4186","2019-09-13","internetbasiert","LNP312 Wo sehen Sie mich in fünf Jahren?. Logbuch:Netzpolitik, 2019-09-13","https://logbuch-netzpolitik.de/lnp312-wo-sehen-sie-mich-in-fuenf-jahren","Ja natürlich ist das gut also man muss vielleicht mal ein bisschen was über extension rebellieren sagen weil das ist so im letzten jahr oder schon ein bisschen früher aufgehörtpoppt und ist so quasi die etwas wieder spenden sichere variante des."
"4187","2019-12-19","internetbasiert","ABC Design Winterfußsack pine Classic Edition | Kinderhaus Blaubär. kinderhaus-blaubaer.de, 2019-12-19","https://www.kinderhaus-blaubaer.de/abc-design-winterfusssack-pine-diamond-edition_34763_56069","[...] { _tsRatingConfig = { tsid : 'X0C74C395F78C2D0663798C126CCFC286', element : '#ts_review_sticker', variant : 'testimonial', reviews : '5', betterThan : '3.0', richSnippets : 'on', backgroundColor : '#FFDC0F', linkColor : '#000000', quotationMarkColor : '#FFFFFF', fontFamily : 'Arial', reviewMinLength : '10' }; var scripts = document.getElementsByTagName('SCRIPT'), me = scripts[scripts.length - 1]; var _ts = document.createElement('SCRIPT'); _ts.type = 'text/javascript'; _ts.async = true; _ts.src = '//widgets.trustedshops.com/reviews/tsSticker/tsSticker.js'; me.parentNode.insertBefore(_ts, me); _tsRatingConfig.script = _ts; })(); [...]"
"4188","2018-05-07","internetbasiert","Ein Tag vor der Google I/O: Google veröffentlicht IoT-Betriebssystem Android Things 1.0 für das Smart Home. Ein Tag vor der Google I/O: Google veröffentlicht IoT-Betriebssystem Android Things 1.0 für das Smart Home, 2018-05-07","http://0800hardware.de/ein-tag-vor-der-google-io-google-veroeffentlicht-iot-betriebssystem-android-things-1-0-fuer-das-smart-home/","Small (45mm x 18mm), robust and powerful board; 3.3V variant of the Nano family."
"4189","2020-07-16","internetbasiert","Reparatur. Transistor überprüfen (ausgelötet). Ersatzteilversand, 2020-07-16","https://forum.electronicwerkstatt.de/phpBB/Grundlagen/transistor_ueberpruefen_ausgeloetet-t137456f26_bs0.html","Ich habe jedoch die alte variante mit alter Steckerform."
"4190","2018-02-06","internetbasiert","Motoraufhängung Motorlager Motor Lager Getriebe Audi Seat Skoda VW Golf 4 Beetle. netspares.de, 2018-02-06","https://netspares.de/Auto-Ersatzteile/Motor-Motorteile/Motoraufhaengung-Motorlager-Motor-Lager-Getriebe-Audi-Seat-Skoda-VW-Golf-4-Beetle::3595.html","[...] 85 115 1984 VW GOLF IV (1J1) 1.9 TDI 10.97-05.04 66 90 1896 VW GOLF IV (1J1) 1.9 TDI 08.97-05.04 81 110 1896 VW GOLF IV Variant (1J5) 1.4 16V 05.99-06.06 55 75 1390 VW GOLF IV Variant (1J5) 1.6 05.99-04.02 74 101 1595 VW GOLF IV Variant (1J5) 1.6 08.00-06.06 75 102 1595 VW GOLF IV Variant (1J5) 1.6 16V 02.00-06.06 77 105 1598 VW GOLF IV Variant (1J5) 1.8 T 05.00-06.06 110 150 1781 VW GOLF IV Variant (1J5) 2.0 05.99-06.06 85 115 1984 VW GOLF IV Variant (1J5) 2.0 Bi-Fuel 02.02-06.06 85 116 1984 VW GOLF IV Variant (1J5) 1.9 TDI 05.99-05.06 66 90 1896 VW GOLF IV Variant (1J5) 1.9 TDI 05.99-06.01 81 110 1896 VW NEW BEETLE (9C1, 1C1) 1.6 06.00-09.10 75 102 1595 VW NEW BEETLE (9C1, 1C1) 1.8 T 10.99-09.10 110 150 1781 VW NEW BEETLE (9C1, 1C1) 2.0 01.98-09.10 85 115 1984 VW NEW BEETLE (9C1, [...]"
"4191","2019-04-29","internetbasiert","Workshops. Data Driven Business Berlin, 2019-04-29","https://datadrivenbusiness.de/berlin2018/workshops/","The section concludes with variant design so you are ready to begin your personalised campaigns."
"4192","2020-07-01","internetbasiert","Fertighäuser unterschiedliche Hausbau Firmen. hausbau-portal.net 2020 - Alle Rechte reserviert!, 2020-07-01","https://www.hausbau-portal.net/nc/haeuser-musterhaeuser-hausbau/fertighaeuser.html","Variant 25-183"
"4193","2020-12-11","internetbasiert","Interstuhl UPis1: Der ergonomische Sitzhocker im Test. BASIC thinking, 2020-12-11","https://www.basicthinking.de/blog/2020/12/11/interstuhl-upis1-test/","Ich würde mich über die variante in Schwarz sehr freuen!"
"4194","2020-04-01","internetbasiert","NEUN FAKTEN ZUM CORONAVIRUS. Linke Zeitung, 2020-04-01","https://linkezeitung.de/2020/04/01/neun-fakten-zum-coronavirus/","von dem coronavirus gibt es schon seit jahren zahlreiche varianten, sie gehören alle zur gruppe der grippeviren."
"4195","2020-01-01","internetbasiert","32-210. isover.ch, 2020-01-01","https://www.isover.ch/de/solutions/32-210","[...] Description Unité 1 Unité 2 Variant 1 Variant 2 Variant 3 Variant 4 Variant 5 Variant 6 Zementestrich d [mm] 70 70 100 100 ISOCALOR d [mm] 32 43 32 43 Wärmeschutz im Winter Wärmedurchgangskoeffizient U [W/(m2 K)] 0.86 0.68 0.86 0.68 Wärmeschutz im Sommer Wärmespeicherfähigkeit (mit Rsi) κi,oben [Wh/m2 K)] 13 13 13 13 Wärmespeicherfähigkeit (mit Rsi) κi,unten [Wh/m2 K)] 19 19 19 19 Schalldämmung Bewertetes Schalldämm-Mass Rw [dB] 62 62 62 62 Spektrum-Anpassungswerte (C;Ctr) [...]"
"4196","2018-11-01","internetbasiert","VeriSilicon kündigt Ultra Low Power BLE 5.0 RF IP basierend auf GLOBALFOUNDRIES-Prozess 22FDX FD-SOI für IoT-Anwendungen an. VeriSilicon kündigt Ultra Low Power BLE 5.0 RF IP basierend auf GLOBALFOUNDRIES-Prozess 22FDX FD-SOI für IoT-Anwendungen an, 201...","http://0800hardware.de/verisilicon-kuendigt-ultra-low-power-ble-5-0-rf-ip-basierend-auf-globalfoundries-prozess-22fdx-fd-soi-fuer-iot-anwendungen-an/","Small (45mm x 18mm), robust and powerful board; 3.3V variant of the Nano family."
"4197","2018-10-30","internetbasiert","IoT-Security im Unternehmen: Smart und sicher vernetzt. 0800hardware.de, 2018-10-30","http://0800hardware.de/iot-security-im-unternehmen-smart-und-sicher-vernetzt/","The ease of use of a Nano board with the addition of secure IoT and BT connectivity Small (45mm x 18mm), robust and powerful board; 3.3V variant of the Nano family."
"4198","2019-08-01","internetbasiert","Variant 35-161 von Hanse Haus | Fertighaus.de. Fertighaus.de, 2019-08-01","https://www.fertighaus.de/haeuser/hanse_variant35161/","Wohnkonzepte ganz einfach individualisieren mit dem Fertighaus Variant 35-161"
"4199","2018-02-06","internetbasiert","VBA: Datenfelder und Arrays. Clevercalcul, 2018-02-06","https://clevercalcul.wordpress.com/2018/02/06/vba-datenfelder-und-arrays/","Sub Zahlen1() Dim arrWerte() As Variant arrWerte()=Range(„B138:C140“) MsgBox arrWerte(2,2) End Sub"
"4200","2018-10-10","internetbasiert","Sonnenblumen-Hack ausprobiert: gut gemeint, aber… › Unverbissen vegetarisch. Httpstwittercomunverbissen, 2018-10-10","https://www.unverbissen-vegetarisch.de/2018/10/sonnenblumen-hack-ausprobiert-gut-gemeint-aber/","Für mich ist die natürliche, ungewürzte variante immer die beste."
"4201","2020-01-01","internetbasiert","Der Volkswagen Golf Variant: Der Allrounder. heisel.de, 2020-01-01","https://www.heisel.de/der-volkswagen-golf-variant-der-allrounder/","Mit den R-Line Ausstattungen räumen Sie Ihrem Golf Variant noch mehr Raum für einen selbstbewussten Auftritt ein."
"4202","2019-10-17","internetbasiert","Abkürzungs ABC für kfz-technische Begriffe - J und K. beckett.de, 2019-10-17","https://www.kfztech.de/abc/kfztechnikabcJK.htm","Geschlossener Aufbau, Innenraum vergrößert, durch geändertes Heck, (Variant, Caravan, Tournier, ...)"
"4203","2019-12-20","internetbasiert","Mein erstes Mal mit dem ID.3 • Elektromobilität und mehr. Elektromobilität und mehr, 2019-12-20","https://martinguss.de/id3/","Das Fahrzeug erscheint spürbar länger als ein Standard-Golf und nähert sich dem Längeneindruck eines Golf Variant an."
"4204","2019-02-11","internetbasiert","Lange Batterielaufzeit trotz hohem Datenaufkommen: Wie digitale HF-Tranceiver den Stromverbrauch bei IoT-Geräten senken. 0800hardware.de, 2019-02-11","http://0800hardware.de/lange-batterielaufzeit-trotz-hohem-datenaufkommen-wie-digitale-hf-tranceiver-den-stromverbrauch-bei-iot-geraeten-senken/","The ease of use of a Nano board with the addition of secure IoT and BT connectivity Small (45mm x 18mm), robust and powerful board; 3.3V variant of the Nano family."
"4205","2019-10-21","internetbasiert","VW Golf Variant 1.6 Comfortline (Kombi). Web-Set Interactive Gmbh, 2019-10-21","https://www.car7.ch/auto/VW-Golf-Variant-1-6-Comfortline-Kombi--_0_32057.html","Kontakt: VW Golf Variant 1.6 Comfortline (Kombi) Fotos von VW Golf Variant 1.6 Comfortline (Kombi)"
"4206","2019-08-30","internetbasiert","Erster Zwetschgen-Datschi. Puzzleblume ❀, 2019-08-30","https://puzzleblume.wordpress.com/2019/08/30/erster-zwetschgen-datschi/","da ich nach dem köstlichen zwetschgenfleck(lokale variante des zwetschgendatschis) süchtig bin, ist die virtuelle variante zwar optisch sehr erfreulich, erfüllt mich aber mit ungeheurer sehnsucht nach der realen variante. ich hoffe, wenigstens du konntest dich daran laben."
"4207","2019-07-28","internetbasiert","GRAPHIC NOVEL „GEVATTER“ - Glücklicher Montag. Glücklicher Montag, 2019-07-28","https://gluecklicher-montag.de/graphic-novel-gevatter/","Das auf 100 Stück limitierte Variant Cover erschuf Sascha Wüstefeld (Das UpGrade, Sorgenfresser, Der kleine ICE)."
"4208","2020-01-01","internetbasiert","Reiseautos von Volkswagen: Entspannt in den Urlaub. Volkswagen Österreich, 2020-01-01","https://www.volkswagen.at/modelle/reiseauto","Der neue Golf Variant ist bereit für das, was kommt."
"4209","2018-04-10","internetbasiert","Zähne weißer II Der Weg zu schönen Zähnen (2020). Zahnarzt Dinkelsbühl, 2018-04-10","https://ihre-zahnaerzte.org/zaehne-weisser/","Diamondclean ein ein variante zahnärzte sich volkszahnbürste sonnenblumenöl ein."
"4210","2018-01-19","internetbasiert","Mein persönlicher Jahresrückblick 2017 und Vorsätze für 2018 – Teil 2. Julia Jamei, 2018-01-19","http://www.juliajamei.com/mein-persoenlicher-jahresrueckblick-2017-und-vorsaetze-fuer-2018-teil-2/","bei Susan Khalje würde mich schon eh chanel-kurs sehr reizen.die ergebnisse sind toll.aber gleiche gründe wie bei dir. zum glück habe ich russische alternativen,die um einiges günstiger sind und einiger sogar in der variante von interaktiven online-schulungen möglich. aber zu pariser Lesage-Stickerei-schule habe ich keine alternative und ihre preise beissen! genau so wenig kann ich mir den kurs bei Beate Sievi in der Schweiz leisten:-( die ist die weltbeste korsettmeisterin…"
"4211","2020-03-14","internetbasiert","FLORIAN NIDDERAU 2-10-1. feuerwehr-nidderau.de, 2020-03-14","https://www.feuerwehr-nidderau.de/florian-nidderau-kdow-fuehrungsdienst/","Funkrufname Florian Nidderau 2-10-1 Standort Nidderau Kennzeichen MKK-SN 2 Hersteller / Modell Volkswagen Golf 4 Variant Aufbauhersteller Volkswagen Baujahr 2013 Indienststellung 2013 Beschreibung Kommandowagen (Kdow) – Führungsdienst"
"4212","2018-05-29","internetbasiert","Karls Karotten Pfannkuchen. Freche Freunde, 2018-05-29","https://frechefreunde.de/rezepte-fuer-kinder/karls-karotten-pfannkuchen/","Mit dieser Basis kannst Du Dich gemüsig austoben! PFANNKUCHEN MIT KAROTTEN – ZWEI VARIANTEN Ob herzhaft oder süß – Karls Karotten Pfannkuchen schmecken einfach immer gut."
"4213","2020-01-01","internetbasiert","Zündkerze. BERU Zündungsteile | BERU – Ihr Experte für Zündungstechnik, 2020-01-01","https://www.beruparts.de/find-my-part/9737080/beru-by-driv/zundung/zundkerze/upt18p.pd.html","Passend für: {{make}} {{variant}} {{engine_display}} Passend für: Achse {{axle_code}} Passend für: Motor {{fitsEngineDisplay}}"
"4214","2020-01-01","internetbasiert","Entdecken Sie den VW Passat Variant im Volkswagen Zentrum Pillenstein an der Stadtgrenze Nürnberg/Fürth. ✅Neu- und ✅Gebrauchtwagen ✅kaufen / ✅leasen. Jetzt Probefahrt vereinbaren!. https://www.pillenstein.de/, 2020-01-01","https://www.pillenstein.de/autos/vw-pkw/neuwagen/passat-variant/","Auch wenn Sie nachts unterwegs sind glänzt der Passat Variant mit Exzellenz, die in der innovativen LED-Technik und dem enormen Lichtvolumen bei niedrigen Energieverbrauch gipfelt."
"4215","2018-05-31","internetbasiert","VW Golf Variant: Zuverlässigkeit und Erfolg seit 1993. Auto-Kombi, 2018-05-31","https://www.kombi.de/vw-golf-variant/","Neben vielseitigen kleinen technischen Kniffen im Innenraum und zuverlässiger Motorentechnik vom Wolfsburger Unternehmen bietet der VW Golf 7 Variant außerdem genug Platz und ein angenehmes Fahrgefühl um den Erfolg des größten Modells der Golf-Familie auf Touren bringen zu können."
"4216","2018-10-26","internetbasiert","Suche. tksoft-online.de, 2018-10-26","http://www.tksoft-online.de/index.php/ms-access/codes/codeschnipsel-dateisystem/101-fso-ersten-freien-laufwerksbuchstaben-finden","Public Function GetFirstFreeDriveLetter() As String Dim fso As Object Dim strDrive As Variant, i As Integer Set fso = CreateObject(""Scripting.FileSystemObject"")"
"4217","2018-05-24","internetbasiert","Trump macht Automobile zur Bedrohung für die nationale Sicherheit | QPress. QPress, die vier Halbwahrheiten, 2018-05-24","https://qpress.de/2018/05/24/trump-macht-automobile-zur-bedrohung-fuer-die-nationale-sicherheit/","Dann ums ende zu verzögern kam die 0 zins variante, bzw fast null."
"4218","2018-03-22","internetbasiert","Name changes: Microsoft IoT Central. 0800hardware.de, 2018-03-22","http://0800hardware.de/name-changes-microsoft-iot-central/","Small (45mm x 18mm), robust and powerful board; 3.3V variant of the Nano family."
"4219","2019-01-04","internetbasiert","Tesla öffnet Model-3-Konfigurator für deutsche Kunden. ecomento.de, 2019-01-04","https://ecomento.de/2019/01/04/tesla-oeffnet-model-3-konfigurator-fuer-deutsche-kunden/","“Es kommen keine weiteren 14.000 bestellungen, weil die teuren varianten des M3 relativ gering nachgefragt werden."
"4220","2020-07-29","internetbasiert","Variant 35-173. beispielhaus.de, 2020-07-29","https://www.beispielhaus.de/hanse-haus-gmbh/haus-variant-35-173-4828.html","Machen Sie das Variant 35-173 zu Ihrem ganz persönlichen Zuhause."
"4221","2018-09-17","internetbasiert","#0829 [Session-Life] Comic Loots von 04.2018 – 08.2018. Pulchritudinous, 2018-09-17","https://www.pulchi.de/2018/09/0829-session-life-comic-loots-von-04-2018-08-2018/","Heft Seiten: 84 Preis: 7,99 EUR Preis Variant 1:"
"4222","2018-05-25","internetbasiert","Georgien. flaggenlexikon.de, 2018-05-25","https://flaggenlexikon.de/fgeorgie.htm","erste Variante der Flaggen für die Sowjetrepubliken – first variant of the flags for the soviet republics,"
"4223","2020-03-02","internetbasiert","Alvi Matratze Kinderbettmatratze Exclusiv | Kinderhaus Blaubär. kinderhaus-blaubaer.de, 2020-03-02","https://www.kinderhaus-blaubaer.de/alvi-matratze-kinderbettmatratze-exclusiv_31185_44717","[...] { _tsRatingConfig = { tsid : 'X0C74C395F78C2D0663798C126CCFC286', element : '#ts_review_sticker', variant : 'testimonial', reviews : '5', betterThan : '3.0', richSnippets : 'on', backgroundColor : '#FFDC0F', linkColor : '#000000', quotationMarkColor : '#FFFFFF', fontFamily : 'Arial', reviewMinLength : '10' }; var scripts = document.getElementsByTagName('SCRIPT'), me = scripts[scripts.length - 1]; var _ts = document.createElement('SCRIPT'); _ts.type = 'text/javascript'; _ts.async = true; _ts.src = '//widgets.trustedshops.com/reviews/tsSticker/tsSticker.js'; me.parentNode.insertBefore(_ts, me); _tsRatingConfig.script = _ts; })(); [...]"
"4224","2020-01-01","internetbasiert","Zerspanungsmechaniker Drehtechnik. RMM Metallbearbeitung GmbH, 2020-01-01","https://www.rmm-metallbearbeitung.de/karriere/zerspanungsmechaniker-drehtechnik/","[...]333333″ icon=“none“ icon_size=““ btn_icon_pos=“ubtn-sep-icon-right-rev“ btn_border_style=“solid“ btn_color_border=“#ffffff“ btn_color_border_hover=“#ffffff“ btn_border_size=“2″ btn_radius=“2″ btn_font_style=“font-weight:700;“ css_adv_btn=“.vc_custom_1572949728024{margin-top: 0px !important;margin-bottom: 0px !important;padding-top: 0px !important;padding-bottom: 0px !important;}“ btn_font_size=“desktop:18px;“ btn_line_height=“desktop:28px;“ btn_font_family=“font_family:Roboto|font_call:Roboto|variant:700″][/vc_column][/vc_row] [...]"
"4225","2020-07-11","internetbasiert","Display PWB 8CL6-03 Ersatzteilversand. forum.electronicwerkstatt.de, 2020-07-11","https://forum.electronicwerkstatt.de/phpBB/Projekte_im_Selbstbau/display_pwb_8cl6_03-t30787f34_bs0.html","ok, ich entscheide mich für variante 3."
"4226","2018-02-06","internetbasiert","Motoraufhängung Motorlager Motor Lager Getriebe Audi Seat Skoda VW Golf 4 Beetle. netspares.de, 2018-02-06","https://netspares.de/Auto-Ersatzteile/Motor-Motorteile/Motoraufhaengung-Motorlager-Motor-Lager-Getriebe-Audi-Seat-Skoda-VW-Golf-4-Beetle::3595.html","[...] 110 1896 VW GOLF IV Variant (1J5) 1.4 16V 05.99-06.06 55 75 1390 VW GOLF IV Variant (1J5) 1.6 05.99-04.02 74 101 1595 VW GOLF IV Variant (1J5) 1.6 08.00-06.06 75 102 1595 VW GOLF IV Variant (1J5) 1.6 16V 02.00-06.06 77 105 1598 VW GOLF IV Variant (1J5) 1.8 T 05.00-06.06 110 150 1781 VW GOLF IV Variant (1J5) 2.0 05.99-06.06 85 115 1984 VW GOLF IV Variant (1J5) 2.0 Bi-Fuel 02.02-06.06 85 116 1984 VW GOLF IV Variant (1J5) 1.9 TDI 05.99-05.06 66 90 1896 VW GOLF IV Variant (1J5) 1.9 TDI 05.99-06.01 81 110 1896 VW NEW BEETLE (9C1, 1C1) 1.6 06.00-09.10 75 102 1595 VW NEW BEETLE (9C1, 1C1) 1.8 T 10.99-09.10 110 150 1781 VW NEW BEETLE (9C1, 1C1) 2.0 01.98-09.10 85 115 1984 VW NEW BEETLE (9C1, 1C1) 1.9 TDI 01.98-06.04 66 90 1896 VW NEW BEETLE Cabriolet (1Y7) 1.8 T 01.03-09.10 110 150 1781 VW NEW BEETLE [...]"
"4227","2020-08-05","internetbasiert","Autoversicherung der R+V. vbwildeshauser-geest.de, 2020-08-05","https://www.vbwildeshauser-geest.de/privatkunden/versicherung/kfz-versicherung/autoversicherung-ruv.html","Fahrzeugdaten Wagniskennziffer / Fahrzeugart 0112 PKW Eigenverwendung Postleitzahl, Wohnort 29303 Bergen Hersteller 0603 / Volkswagen-VW Fahrzeugtyp BLD / AUV (Golf VII Variant 1.2 TSI) Datum der Erstzulassung 07.08.2013 Datum der Zulassung auf den Halter 07.08.2013 Motorleistung 77 kW Hubraum 1197 ccm"
"4228","2020-03-18","internetbasiert","Kanzlei Dr. Stoll & Sauer bietet Online-Beratung für Vergleichsangebote von VW in der Musterfeststellungsklage an / Einzelklage im Diesel-Abgasskandal oft lukrativer | Dr. Stoll & Sauer - VW Schadensersatz. Kanzlei Dr. Stoll & Sauer bietet Online-Beratu...","https://www.vw-schaden.de/aktuelles/kanzlei-dr-stoll-sauer-bietet-online-beratung-fuer-vergleichsangebote-von-vw-der","Die Kläger erhielt in dem Fall für seinen im August 2010 gekauften VW Passat Variant 2,0 LTDI 5125 Euro zugesprochen."
"4229","2019-01-04","internetbasiert","Tesla öffnet Model-3-Konfigurator für deutsche Kunden. ecomento.de, 2019-01-04","https://ecomento.de/2019/01/04/tesla-oeffnet-model-3-konfigurator-fuer-deutsche-kunden/","Für die variante standardrange bestehen hunderttausende reservierungen, aber das kann nicht gebaut werden, da der angekündigte preis von 35.000 $ netto nicht kostendeckend ist."
"4230","2019-04-02","internetbasiert","Schaltgetriebe Archive - Auto ROC. Auto ROC, 2019-04-02","http://autoroc.at/gear-type-short/schaltgetriebe/","Zum Verkauf angeboten wird ein VW GOLF VARIANT 2.0TDI 4-MOTION, in der Farbe INDIUMGRAU-METALLIC, ......."
"4231","2018-02-06","internetbasiert","VBA: Datenfelder und Arrays. Clevercalcul, 2018-02-06","https://clevercalcul.wordpress.com/2018/02/06/vba-datenfelder-und-arrays/","Wurde kein Datentyp festgelegt, hat das Array automatisch den Datentyp Variant."
"4232","2019-09-25","internetbasiert","Veranstaltungen & Kontakt - CADBAS GmbH. CADBAS GmbH, 2019-09-25","https://www.cadbas.de/veranstaltungen-kontakt/","Smart Variant CON 2022"
"4233","2020-02-28","internetbasiert","meine-wiking-welt - 4 PKW Nr. Bereich 9012. 4 PKW Nr. Bereich 9012, 2020-02-28","https://www.meine-wiking-welt.eu/n-modelle/4-pkw/4-pkw-nr-bereich-9012/","4 PKW 9012 1982-1984 Citroen Pallas hellblaugrau, Bodenprägung “CITROEN“ + “PALLAS“ + “GERMANY“ + “WM“ // NSU Ro 80 grauweiß, Bodenprägung “NSU“ + “RO“ + “80“ + “GERMANY“ + “WM“ // MB 280 patinagrün, Bodenprägung “MERCEDES“ + “280“ + “GERMANY“ + “WM“ // VW Variant rubinrot, Bodenprägung “VW“ + “VARIANT“ + “GERMANY“ + “WM“."
"4234","2020-12-17","internetbasiert","535. Nordrhein-Westfalen, das „Corona“-Narrativ und der riskante genetische Impfstoff. Sägefisch, 2020-12-17","https://jacquesauvergne.wordpress.com/2020/12/17/535/","Le variant a été nommé VUI – 202012/01, car il est le premier à avoir été investigué au mois de décembre 2020"
"4235","2020-01-01","internetbasiert","Der Variant kommt von Dortmund nach Lübbecke.. vw-411.de, 2020-01-01","http://vw-411.de/VW-411-LE-Variant/2000-Ankunft/","In den 1990er Jahren soll sich unserer Variant kurzzeitig in der großen Fahrzeugsammlung von Hermann Walter in Verl-Kaunitz befunden haben."
"4236","2019-01-01","internetbasiert","Autohaus Holzer Korntal Stuttgart - Gebrauchtwagen. Autohaus Holzer Korntal Stuttgart, 2019-01-01","https://auto-holzer.com/gebrauchtwagen-stuttgart/","Volkswagen Passat Variant 2.0 TDI Highline BMT LED ACC EU6"
"4237","2018-11-14","internetbasiert","AIT: Weekend in ... Vienna, The World's Most Liveable City. BEHF, 2018-11-14","https://www.behf.at/story/ait-weekend-in-vienna/","> 13.00 – The shopping centre Post am Rochus (5) combines shopping and culinary delights; it was completed in 2017 by Schenker Salvi Weber and feld72. I prefer the classic variant: a delicious ham sandwich with fresh horseradish and an “Achterl” (1/8 l) of wine in the Zum Schwarzen Kameel (6), which is celebrating its 400th anniversary this year."
"4238","2020-03-02","internetbasiert","Alvi Mull-Schlafsack Uni cornsilk | Kinderhaus Blaubär. kinderhaus-blaubaer.de, 2020-03-02","https://www.kinderhaus-blaubaer.de/alvi-mull-schlafsack-uni-cornsilk_34757_56047","[...] { _tsRatingConfig = { tsid : 'X0C74C395F78C2D0663798C126CCFC286', element : '#ts_review_sticker', variant : 'testimonial', reviews : '5', betterThan : '3.0', richSnippets : 'on', backgroundColor : '#FFDC0F', linkColor : '#000000', quotationMarkColor : '#FFFFFF', fontFamily : 'Arial', reviewMinLength : '10' }; var scripts = document.getElementsByTagName('SCRIPT'), me = scripts[scripts.length - 1]; var _ts = document.createElement('SCRIPT'); _ts.type = 'text/javascript'; _ts.async = true; _ts.src = '//widgets.trustedshops.com/reviews/tsSticker/tsSticker.js'; me.parentNode.insertBefore(_ts, me); _tsRatingConfig.script = _ts; })(); [...]"
"4239","2019-02-27","internetbasiert","KEPCO Partners with Inside Secure to Further Bolster Protection for Latest Chips Used in IoT Devices. 0800hardware.de, 2019-02-27","http://0800hardware.de/kepco-partners-with-inside-secure-to-further-bolster-protection-for-latest-chips-used-in-iot-devices/","Small (45mm x 18mm), robust and powerful board; 3.3V variant of the Nano family."
"4240","2020-01-01","internetbasiert","World of Blond. world-of-blond.de, 2020-01-01","https://www.world-of-blond.de","[...] Nach Relevanz Nach Preis (aufsteigend) Nach Preis (absteigend) Haarfarbe Blondme White Blending €19,50 / 60ml € 325,00 / 1l MERKEN VARIANTE Haarfarbe BlondMe Hi-Lighting €19,50 / 60ml € 325,00 / 1l MERKEN VARIANTE Haarfarbe Blondme Blonde Lifting €19,50 / 60ml € 325,00 / 1l MERKEN VARIANTE -12% Haarfarbe Raliss Hair Color 3,95€ €3,49 / 60ml € 58,17 / 1l MERKEN VARIANTE Haarfarbe Raliss Hair Color 9.0 Lichtblond €2,99 / 60ml € 49,83 / 1l MERKEN WARENKORB Haarfarbe Raliss Hair Color 3.0 Dunkelbraun €2,99 / 60ml € 49,83 / 1l MERKEN WARENKORB Haarfarbe Raliss Hair Color 6.34 Dunkelblond Golden-Kupfer €2,99 / 60ml € 49,83 / 1l MERKEN WARENKORB Haarfarbe Raliss Hair Color 10.0 Extra Lichtblond €2,99 / 60ml € 49,83 / 1l MERKEN WARENKORB Haarfarbe Raliss Hair Color 8.01 Hellblond Natur Asch €2,99 / 60ml € 49,83 / 1l MERKEN WARENKORB Raliss Hair Color 10.31 Extralichtblond Beige €2,99 / 60ml € 49,83 / 1l MERKEN WARENKORB Haarfarbe Raliss Hair Color 5.8 Hellbraun Toffee €2,99 / 60ml € 49,83 / 1l MERKEN WARENKORB Haarfarbe Raliss [...]"
"4241","2020-10-05","internetbasiert","Bodenarbeitsseil Dünn - Prices from 51.60 to 58.75. Bataliru, 2020-10-05","https://bataliru.de/products/bodenarbeitsseil-dunn-prices-from-51-60-to-58-75","[...] 51.60 to 58.75 Normaler Preis €51,60 Sonderpreis €51,60 Angebot inkl. MwSt. zzgl. Versandkosten Title Variant for price 51.6 Variant for price 52 Variant for price 52.1 Variant for price 52.2 Variant for price 52.45 Variant for price 52.55 Variant for price 52.65 Variant for price 53.05 Variant for price 53.15 Variant for price 53.25 Variant for price 53.5 Variant for price 53.6 Variant for price 53.7 Variant for price 54.1 Variant for price 54.2 Variant for price 54.55 Variant for price 54.65 Variant for price 54.75 Variant for price 55.15 Variant for price 55.25 Variant for price 55.6 Variant for price 55.7 Variant for price 56.2 Variant for price 56.65 Variant for price 56.75 Variant for price 57.25 Variant for price 57.7 Variant for price 58.75 Variant for price 51.6 Variant for price 52 Variant for price 52.1 Variant for price 52.2 Variant for price 52.45 Variant for price 52.55 Variant for price 52.65 Variant for price 53.05 Variant for price 53.15 Variant for price 53.25 Variant for price 53.5 Variant for price 53.6 Variant for price 53.7 Variant for price 54.1 Variant for price 54.2 Variant for price 54.55 Variant for price 54.65 Variant for price 54.75 Variant [...]"
"4242","2018-10-26","internetbasiert","Suche. tksoft-online.de, 2018-10-26","http://www.tksoft-online.de/index.php/ms-access/bsp-db-s/bsp-downloads-sonstiges/59-errechnen-einer-iban-mit-access","[...] Private Sub cmd_IBAN_Click() Dim vLetter1 As Variant, vLetter2 As Variant Dim vEmptyPP As Variant, vTempKtoNr As Variant, iKtoLength As Integer, iIBANLength As Integer Dim vTempIBAN As Variant, k As Integer, i As Integer, iRest As Integer Dim iRestLength As Integer, iAllLength As Integer, vResult As Variant '****************************************************************************** 'Prüfen ob Felder BLZ und KtoNr gefüllt sind If Me.txt_BLZ = """" Or IsNull(Me.txt_BLZ) Then MsgBox ""Keine BLZ eingegeben!"", vbCritical + vbOKOnly, ""Fehler"" Me.txt_BLZ.SetFocus Exit Sub Else If Len(Me.txt_BLZ) <> CInt(Me.cbo_Land.Column(3)) [...]"
"4243","2019-11-28","internetbasiert","Volkswagen Golf Variant MFH Mehrmarken Fahrzeughandel - Neuwagenvermittlung-24. Osna-Autos, 2019-11-28","https://www.mfh-autos.de/liste-volkswagen-golf-variant-a__46671_alle.php","Volkswagen Golf Variant 8 Life 1,0 eTSI DSG 81KW ACC Winter 2023 Bestellung ab Werk"
"4244","2018-10-26","internetbasiert","Suche. tksoft-online.de, 2018-10-26","http://www.tksoft-online.de/index.php/ms-access/bsp-db-s/bsp-downloads-sonstiges/59-errechnen-einer-iban-mit-access","[...] Private Sub cmd_IBAN_Click() Dim vLetter1 As Variant, vLetter2 As Variant Dim vEmptyPP As Variant, vTempKtoNr As Variant, iKtoLength As Integer, iIBANLength As Integer Dim vTempIBAN As Variant, k As Integer, i As Integer, iRest As Integer Dim iRestLength As Integer, iAllLength As Integer, vResult As Variant '****************************************************************************** 'Prüfen ob Felder BLZ und KtoNr gefüllt sind If Me.txt_BLZ = """" Or IsNull(Me.txt_BLZ) Then MsgBox ""Keine BLZ eingegeben!"", vbCritical + vbOKOnly, ""Fehler"" Me.txt_BLZ.SetFocus Exit Sub Else If Len(Me.txt_BLZ) <> CInt(Me.cbo_Land.Column(3)) [...]"
"4245","2018-10-15","internetbasiert","Top Leasing Angebote – guteRate. gute-rate.de, 2018-10-15","https://www.gute-rate.de/fahrzeuge/","Hyundai i10 Pure 1.0/49 kW (67 PS) Volkswagen Passat GTE Variant 1.4 l TSI Hybrid (156 PS) Navigation LED ACC"
"4246","2019-12-09","internetbasiert","Volkswagen Neuwagen-Modelle: alle Preise und Angebote im Vergleich. carwow.de, 2019-12-09","https://www.carwow.de/volkswagen","Die höchste Ersparnis im Vergleich zu einem gleichwertig ausgestatteten Serienfahrzeug können Sie mit 3.400 Euro beim Golf Variant erhalten."
"4247","2018-01-08","internetbasiert","Neu entdeckte Krankheiten bei Patienten nachweisen | MT-Portal. MTA – Das Portal, 2018-01-08","https://mt-portal.de/aktuell/neu-entdeckte-krankheiten-bei-patienten-nachweisen/","Originalpublikation: Dror Sharon et al.; A homozygous founder missense variant in arylsulfatase G abolishes its enzymatic activity causing atypical Usher syndrome in humans; Genetics in Medicine, 2018; DOI: 10.1038/gim.2017."
"4248","2019-03-24","internetbasiert","Programmier Tutorial: Apps für Android entwickeln – Teil 14: Mit Debugging Programmfehler im Quellcode finden. Mit Debugging Programmfehler im Quellcode finden in Android Studio, 2019-03-24","https://www.programmierenlernenhq.de/tutorial-android-debugging-mit-android-studio/","Darin legen wir auch fest, welcher Build Variant für den Zusammenbau unserer Android App verwendet werden soll."
"4249","2019-12-19","internetbasiert","Priebes Coolair Sitzauflage für Autokindersitze Gruppe 1 | Kinderhaus Blaubär. kinderhaus-blaubaer.de, 2019-12-19","https://www.kinderhaus-blaubaer.de/priebes-coolair-funktionssitzauflage-fuer-autokindersitze-gruppe-1_34492_56479","[...] { _tsRatingConfig = { tsid : 'X0C74C395F78C2D0663798C126CCFC286', element : '#ts_review_sticker', variant : 'testimonial', reviews : '5', betterThan : '3.0', richSnippets : 'on', backgroundColor : '#FFDC0F', linkColor : '#000000', quotationMarkColor : '#FFFFFF', fontFamily : 'Arial', reviewMinLength : '10' }; var scripts = document.getElementsByTagName('SCRIPT'), me = scripts[scripts.length - 1]; var _ts = document.createElement('SCRIPT'); _ts.type = 'text/javascript'; _ts.async = true; _ts.src = '//widgets.trustedshops.com/reviews/tsSticker/tsSticker.js'; me.parentNode.insertBefore(_ts, me); _tsRatingConfig.script = _ts; })(); [...]"
"4250","2018-01-12","internetbasiert","Das Eisen erwecken. sandmanns-welt.de, 2018-01-12","http://www.sandmanns-welt.de/das-eisen-erwecken/","Da mir meine Santana da aber zu Schade dazu sind, schiele ich sobald der Variant nicht mehr kann in Richtung Audi 80/Passat 35i B4 oder Golf II…..mal abwarten was der Sommer bringt."
"4251","2019-12-30","internetbasiert","Falafel: Mit diesem Rezept werden sie perfekt!. Bistro Badia, 2019-12-30","https://bistrobadia.de/falafel-selber-machen/","I wanted to develop and try the recipe for this also as a variant from the oven or Airfryer."
"4252","2018-09-03","internetbasiert","Zertifiziertes Casino Lastschrift Einzahlung - Mobile Alten-Krankenpflege Dienste. Mobile Alten-Krankenpflege Dienste, 2018-09-03","https://med-pb.de/zertifiziertes-casino-lastschrift-einzahlung/","Holdem strip poker Regeln blackjack pdf Bingo quittungsnummer Beste spielautomaten spiele Kleine bingo maschine Poker combination Roulette varianten"
"4253","2020-10-07","internetbasiert","I-Doit API Update Sub Kategorien (z.B C__CATG__VERSION). Community, 2020-10-07","https://community.i-doit.com/topic/3862/i-doit-api-update-sub-kategorien-z-b-c__catg__version","[...]""params\"": {\n \""object\"": \""11571\"",\n \""entry\"": \""\"",\n \""data\"": {\n \""application\"": \""1702\"",\n \""application_type\"": \""\"",\n \""assigned_license\"": \""\"",\n \""assigned_license_key\"": \""\"",\n \""assigned_it_service\"": \""\"",\n \""assigned_variant\"": \""Core\"",\n \""assigned_version\"": \""7.8\"",\n \""assigned_databases\"": \""\"",\n \""description\"": \""Auto created by API\""\n },\n \""category\"": \""C__CATG__OPERATING_SYSTEM\"",\n \""apikey\"": \""XzpV1ejX9ungCUW6K2dT\"",\n \""language\"": \""en\""\n },\n \""id [...]"
"4254","2020-01-01","internetbasiert","Drehen. RMM Metallbearbeitung GmbH, 2020-01-01","https://www.rmm-metallbearbeitung.de/know-how/drehen/","[...] btn2_text_color=“#ffffff“ btn2_text_hovercolor=“#333333″ title_font_size=“desktop:18px;“ title_line_ht=“desktop:28px;“ btn_border_radius=“2″ btn1_heading_style=“font-weight:700;“ btn2_heading_style=“font-weight:700;“ css_dualbtn_design=“.vc_custom_1581678130098{margin-top: 0px !important;margin-bottom: 0px !important;padding-top: 0px !important;padding-bottom: 0px !important;}“ btn_width=“250″ btn1_font_family=“font_family:Roboto|font_call:Roboto|variant:700″ btn2_font_family=“font_family:Roboto|font_call:Roboto|variant:700″][/vc_column][/vc_row][vc_row equal_height=“yes“ bg_type=“bg_color“ bg_override=“full“ css=“.vc_custom_1572950423405{border-top-width: 50px !important;padding-bottom: 50px !important;}“][vc_column][vc_column_text css=“.vc_custom_1581677490237{margin-top: 30px !important;}“]Mehr als 1.000 m2 Produktionsfläche mit modernstem Maschinenpark und 20 qualifizierten Fachkräften machen uns somit zu einem produktiven und zuverlässigen Partner. [...]"
"4255","2020-08-05","internetbasiert","Total Ratlos: Controller läuft nicht Ersatzteilversand. forum.electronicwerkstatt.de, 2020-08-05","https://forum.electronicwerkstatt.de/phpBB/Microcontroller/total_ratlos_controller_laeuft_nicht-t59672f28_bs0.html","Wenn ich die Spannung einschalte, dann setzt der Controller den PortB manchmal auf 0, manchmal auf 96 und manchmal auf 64. (nur diese 3 varianten sind bisher aufgetreten)"
"4256","2020-07-12","internetbasiert","Bildergalerie. abenteuerdachzelt.de, 2020-07-12","https://abenteuerdachzelt.de/bildergalerie/","Airpass 160 auf Anhäger montiert Defender mit Airpass Airpass MX Long Inter Trade Nimis Variant XL Variant MX Long Variant L Variant MX Long Variant MX Long Variant MX Long Variant MX Long Variant MX Long Variant XL Variant XL Variant XL Variant XL , da würde auch noch ein viertes Kind reinpassen BMW 7er mit Varinat XL BMW 7er mit Varinat XL BMW 7er mit Varinat XL BMW 7er mit Varinat XL"
"4257","2019-01-01","internetbasiert","klox. Klox Online-Shop, 2019-01-01","https://www.klox.de/de/klox/","clog aus veganem leder mit naturboden (dieses modell gibt es auch in der klassischen variante mit pflanzlich gegerbtem leder)"
"4258","2019-02-07","internetbasiert","hzm-net webdesign - hzm-net heinz müller. Hzm-Net Heinz Mueller, 2019-02-07","https://hzm-net.ch/varia/hzm-net-heinz-mueller/hzm-net-webdesign/","eternity-jo, schaffhausen erste variante"
"4259","2019-04-03","internetbasiert","Referenzen - Variant-Systembau. Variant Systembau GmbH, 2019-04-03","http://www.variantsystembau.de/referenzen/","Startseite Leistungen Referenzen Kontakt © 2019 Variant Systembau GmbH Startseite Leistungen Referenzen Kontakt Projekte"
"4260","2018-11-23","internetbasiert","Fototische. studiotische.de, 2018-11-23","https://www.studiotische.de/Fototische","Artikel-Nr.: 802 Aufnahmetisch Variant Super Maxi mit Drehbühne 360° oder 3D"
"4261","2018-11-23","internetbasiert","Clearance Sale Outlet. classychoice.de, 2018-11-23","https://classychoice.de/products/silvercarbon","This variant is currently sold out"
"4262","2020-08-03","internetbasiert","Variant 3500 U5 | 520x210cm - 3,5t | Kippbarer Multitransporter - Hochlader Anhänger. PKW-Anhänger kaufen bei P+P Anhängercenter | Wohnmobil Vermietung & Anhängervermietung, 2020-08-03","http://www.ppanhaengercenter.com/store/p612/Variant-3500U5-Kippbarer-Hochlader-Anhaenger.html","Variant 3500 U5 | 520x210cm - 3,5t | Kippbarer Multitransporter - Hochlader"
"4263","2020-01-01","internetbasiert","ULTRA X TITAN Zündkerze. BERU Zündungsteile | BERU – Ihr Experte für Zündungstechnik, 2020-01-01","https://www.beruparts.de/find-my-part/10828968/beru-by-driv/ultra-x-titan/zundung/zundkerze/uxt14.pd.html","Marke Typ Motor Aktion {{fitment.make}} {{fitment.variant}} {{fitment.engine_display}} Siehe Anwendung"
"4264","2020-07-03","internetbasiert","Technik - Feuerwehr Erlangen-Stadt e.V.. Feuerwehr Erlangen-Stadt e.V., 2020-07-03","https://www.ff-erlangen.de/technik/","Fahrzeugtyp: Kommandowagen Fahrgestellhersteller: Volkswagen Fahrgestell: Passat Variant 2.0 TDI Aufbauhersteller:"
"4265","2019-11-04","internetbasiert","schoko-nuss guglhupf (becherkuchen). Surfing The Kitchen, 2019-11-04","https://surfingthekitchen.wordpress.com/2019/11/04/schoko-nuss-guglhupf-becherkuchen/","[...] abmessen. erstaunlicherweise wird instant-kakao und kein backkakao verwendet. deswegen habe ich auch den zucker etwas reduziert, da die instantversion ja eh schon gesüßt ist. da sauerrahm im kuchen ist, habe ich etwas natron ergänzt. toll ist auch, dass der guglhupf ohne butter auskommt, stattdessen wird öl verwendet (ich nehme immer sonnenblumenöl). muss sagen ich war echt überrascht wie saftig und fluffig der kuchen geworden ist, obwohl kein schnee geschlagen wurde. auf dem blog gibt’s auch schon ein rezept für einen schoko-nuss guglhupf in der quasi klassischen variante mit schnee, butter und backkakao – er schmeckt etwas herber und die konsistenz ist feiner. [...]"
"4266","2020-09-01","internetbasiert","TG D70. beyerdynamic GmbH & Co. KG, 2020-09-01","https://www.beyerdynamic.ch/tg-d70.html","Solved variant"
"4267","2018-11-12","internetbasiert","Samsung Galaxy S10 – InDisplay Kamera wird wohl nicht vorhanden sein. Testberichte, News, Tablets & Smartphones, 2018-11-12","https://www.appdated.de/2018/11/samsung-galaxy-s10-soll-noch-ohne-indisplay-kamera-kommen/","The Galaxy S10 Plus is said to sport three cameras on its back, while the small Galaxy S10 variant will stick to one rear-facing camera."
"4268","2019-11-16","internetbasiert","Anti-Aging und Rejuvenation - Gesund altern ist eine Leistung. Anti-Aging und Rejuvenation - Gesund altern ist eine Leistung, 2019-11-16","https://eubiopur.de/anti-aging-gesundes-altern-ist-eine-leistung_1","AMES BN, ELSON-SCHWAB I, SILVER EA (2002), „High-dose vitamin therapy stimulates variant enzymes with decreased coenzyme binding affinity (increased K(m)): relevance to genetic disease and polymorphisms."""
"4269","2020-06-02","internetbasiert","Ausbildungen. Kosmetikfachschule, 2020-06-02","https://www.kosmetikfachschule.de/ausbildung/","FACHKOSMETIKER/IN – VARIANTE I ∙ INKL. MEDICAL COSMETIC KURS UND MAKE-UP"
"4270","2020-01-01","internetbasiert","Der Volkswagen Golf Variant: Der Allrounder. heisel.de, 2020-01-01","https://www.heisel.de/der-volkswagen-golf-variant-der-allrounder/","So hilft Ihr Golf Variant beim Spurwechsel und Ausparken."
"4271","2020-09-14","internetbasiert","HTTP Status Code 506 Variant Also Negotiates. HTTP Status Codes erklärt!, 2020-09-14","https://http-status-code.de/506/","Spezifiziert wird der 506 Variant Also Negotiates HTTP Status Code durch Abschnitt 8.1. von RFC2295"
"4272","2019-01-07","internetbasiert","Grand Hotel Saigon – Vietnam | Bel Air Strandhotel. Bel Air Strandhotel, 2019-01-07","https://bel-air-hotels.de/grand-hotel-saigon-vietnam/","[...] #ffffff !important;}“][vc_column_inner][ultimate_heading main_heading=“LAGE DES HOTELS“ main_heading_color=“#00305d“ main_heading_font_family=“font_family:Cormorant|font_call:Cormorant|variant:600″ main_heading_style=“font-weight:600;“ main_heading_font_size=“desktop:20px;“][/ultimate_heading][vc_separator color=“black“ border_width=“2″ el_width=“10″ css=“.vc_custom_1544101009661{padding-top: 15px !important;}“][/vc_column_inner][/vc_row_inner][vc_row_inner css=“.vc_custom_1546772050755{background-color: [...]"
"4273","2018-04-14","internetbasiert","DGAP-News: SOFTWARE AG ERHÖHT AUSBLICK 2018 FÜR IOT & CLOUD (deutsch). 0800hardware.de, 2018-04-14","http://0800hardware.de/dgap-news-software-ag-erhoeht-ausblick-2018-fuer-iot-cloud-deutsch/","Small (45mm x 18mm), robust and powerful board; 3.3V variant of the Nano family."
"4274","2018-11-23","internetbasiert","Fototische. studiotische.de, 2018-11-23","https://www.studiotische.de/Fototische","Artikel-Nr.: 101 PHOTOSTAR VARIANTMit dem Photostar „Variant“ entscheiden Sie sich für die professionelle Lösung in Fragen „Fototisch“ und profitieren auf Grund der Konstruktion von verschiedenen Anwendungen wie hängende Objekte, Aufnahmen aus der Froschperspektive und in mehreren Ebenen."
"4275","2020-06-10","internetbasiert","schnittmuster. REGENTAG 20k | Shirt & Kleid. Schwalbenliebe, 2020-06-10","https://www.schwalbenliebe.com/products/regentag-20k-shirt-kleid-deutsch","SWRf 20k art. digitaler Schnitt, PDF-Anleitung & Schnitt oder Papierschnitt varianten."
"4276","2019-05-25","internetbasiert","jetzt geht aber auch wählen!. Campogeno, 2019-05-25","https://campogeno.wordpress.com/2019/05/25/jetzt-geht-aber-auch-waehlen/","„die zerstörung der cdu“: der youtuber rezo (26), die sprechende variante von greta, postet ein vernichtendes video über die politik der cdu, bzw. groko, und erreicht millionen. mit dem video scheint er einen zeitgeist zu treffen und spricht eine generation an, die sich im netz bildet und bei „fridays for future“ auf die strasse geht."
"4277","2019-07-18","internetbasiert","EU-Standard soll die Sicherheit von IoT-Geräten erhöhen. 0800hardware.de, 2019-07-18","http://0800hardware.de/eu-standard-soll-die-sicherheit-von-iot-geraeten-erhoehen/","Small (45mm x 18mm), robust and powerful board; 3.3V variant of the Nano family."
"4278","2020-08-01","internetbasiert","Volkswagen Passat Leasing ohne Anzahlung | gute-rate.de. gute-rate.de, 2020-08-01","https://www.gute-rate.de/fahrzeuge/marken/volkswagen/passat/","Volkswagen Passat 1.5 TSI Comfortline Variant ACC Navigatio"
"4279","2020-09-10","internetbasiert","Premiere für den VW Golf 8 Variant und Alltrack - AutoGuru.at. Autoguru.at, 2020-09-10","https://www.autoguru.at/2020/09/premiere-fuer-den-vw-golf-8-variant-und-alltrack/","Die neue Generation des VW Golf kommt natürlich auch wieder als praktischer Variant auf den Markt."
"4280","2019-01-01","internetbasiert","CAREERS. Sibel Huhn Interior Architects, 2019-01-01","https://sibelhuhn.com/pages/careers","The item you just added is unavailable. Please select another product or variant."
"4281","2019-09-05","internetbasiert","lll▷123 Usenet - Sehr bekannter Usenet Provider mit SSL und VPN. topusenet.de, 2019-09-05","http://topusenet.de/usenet-provider/123-usenet/","Auch die Zahlungsoptionen sind bei allen drei varianten die gleichen."
"4282","2018-04-14","internetbasiert","DGAP-News: SOFTWARE AG ERHÖHT AUSBLICK 2018 FÜR IOT & CLOUD (deutsch). 0800hardware.de, 2018-04-14","http://0800hardware.de/dgap-news-software-ag-erhoeht-ausblick-2018-fuer-iot-cloud-deutsch/","The ease of use of a Nano board with the addition of secure IoT and BT connectivity Small (45mm x 18mm), robust and powerful board; 3.3V variant of the Nano family."
"4283","2018-05-24","internetbasiert","Ärmel Schnittmuster vergrößern mit der sichersten Methode.. Ärmel Schnittmuster vergrößern mit der sichersten Methode., 2018-05-24","https://www.dots-designs.de/aermel-schnittmuster-vergroessern/","Ich fände es aber auch mal interessant wie ich evtl einen schnitt anpassen kann ich habe häufig das problem das ich von den Maßen her z.b an hüfte eine 54 nähen müsste meistens sind dann aber die schulter viiiel zu breit und das sieht dann echt doof aus gibt es ein video wie ich evtl die schnitte anpassen oder die grössere und kleinere variante evtl verbinden kann."
"4284","2020-01-01","internetbasiert","Ifor Williams Autotrailer 220x500cm 3,5t|Typ:CT177. Koch Anhängerwerke, 2020-01-01","https://www.kochanhaengerwerke.de/fuer-fahrzeuge/autotrailer/ifor-williams-autotrailer-220x500cm-3-5t-typ-ct177","Variant Hochlader Anhänger P4 3021 Comfort | 205x415cm 3,0t"
"4285","2020-10-12","internetbasiert","Vorsicht Falle: Great Barrington Declaration. Schariagegner, 2020-10-12","https://schariagegner.wordpress.com/2020/10/12/vorsicht-falle-great-barrington-declaration/","The virus could also be a new variant of the viral hand, foot, and mouth disease, a common infectious disease targeting mostly children aged 1–5 years and immunocompromised adults, and some case studies have even shown hand, foot, and mouth disease in immunocompetent adults."
"4286","2020-08-01","internetbasiert","Volkswagen Passat Leasing ohne Anzahlung | gute-rate.de. gute-rate.de, 2020-08-01","https://www.gute-rate.de/fahrzeuge/marken/volkswagen/passat/","Volkswagen Passat Variant 2.0 TDI Comfortl."
"4287","2020-04-29","internetbasiert","Zweite SARS-CoV-2-Infektionsschutzmaßnahmenverordnung – Teil III - deinestadttestet.de. deinestadttestet.de, 2020-04-29","https://deinestadttestet.de/ifsg3/","Personen im Sinne des § 6c bedürfen vorbehaltlich der Absätze 2 und 3 keiner Absonderung, wenn sie als enge Kontaktperson zu einer mittels PCR-Testung positiv auf SARS-CoV-2-getesten Person identifiziert werden, soweit bei der getesteten Person keine Infektion mit einer besorgniserregenden Virusvariante (Variant of Concern – VoC), mit Ausnahme der VoC B1."
"4288","2018-12-19","internetbasiert","Sicherer Handel dank IoT und Blockchain. 0800hardware.de, 2018-12-19","http://0800hardware.de/sicherer-handel-dank-iot-und-blockchain/","The ease of use of a Nano board with the addition of secure IoT and BT connectivity Small (45mm x 18mm), robust and powerful board; 3.3V variant of the Nano family."
"4289","2020-01-01","internetbasiert","Bordwandaufsatz Alu 35cm VDK 210x414. Koch Anhängerwerke, 2020-01-01","https://www.kochanhaengerwerke.de/et-shop/bordwandaufsatz-alu-35cm-vdk-210x414","Variant Autotrailer Maxi Load Universal L517 Tridem 219x517cm 3,5t"
"4290","2020-11-16","internetbasiert","VWs Elektro-Kombi kommt erst 2023, dafür mit 700 Kilometer Reichweite. ecomento.de, 2020-11-16","https://ecomento.de/2020/11/16/vw-elektroauto-kombi-aero-b-space-vizzion-2023-700-kilometer-reichweite/","VW bringt die MEB-BEV in der karosserie-reihenfolge der meisten zulassungen bei den verbrennern: kompakter (golf), mid-SUV (tiguan), klein-SUV (t-roc)/cross), großer kombi (passat variant) und bus."
"4291","2018-05-01","internetbasiert","2 – Physische Farben. farben-welten.de, 2018-05-01","https://farben-welten.de/goethes-farbenlehre/zur-farbenlehre-1810/2-physische-farben/","137. Sie heissen daher auch bei den früheren Naturforschern Colores apparentes, fluxi, fugitivi, phantastici, falsi, variantes."
"4292","2020-06-28","internetbasiert","CarShooting – VW Passat B6. dergoth-digitals.de, 2020-06-28","https://dergoth-digitals.de/2020/06/carshooting-vw-passat-b6/","VW Passat B6 Variant 2.0 TDI (2008 series) – vollfoliert Titelbild"
"4293","2020-01-01","internetbasiert","- Ravel. alfredstenger.de, 2020-01-01","https://www.alfredstenger.de/leseproben/ravel/","RAVELS VARIANTEN DES SCHÖNEN"
"4294","2018-11-29","internetbasiert","VW-Urteil - Abgasskandal - Käufer gewinnt vor dem Landgericht Potsdam. Rechtsanwaltskanzlei Schleyer - Berlin, 2018-11-29","https://kanzlei-schleyer.de/vw-urteil/","Der Kläger kaufte am 24.04.2014 bei einem Händler ein Fahrzeug der Marke VW-Passat Variant ‘Business Edition’ BM Techn. 2,0 l TDI 103 kW (140 PS) 6-Gang-Doppelkupplungsgetriebe DSG, 103 kW Deep Black Perleffekt, Schwarz/Schwarz/Schwarz/ Perlgrau."
"4295","2018-11-18","internetbasiert","Honor 10 lite soll ab 229 Euro zu haben sein. Testberichte, News, Tablets & Smartphones, 2018-11-18","https://www.appdated.de/2018/11/honor-10-lite-soll-am-21-november-vorgestellt-werden/","As for pricing, the base variant of the smartphone* will cost EUR 249 in most markets."
"4296","2020-01-01","internetbasiert","24-300. isover.ch, 2020-01-01","https://www.isover.ch/de/solutions/24-300","Description Unité 1 Unité 2 Variant 1 Variant 2 Variant 3 Variant 4 Variant 5 Variant 6 PB M 030 d [mm] 60 60 60 60 60 60 ISOCONFORT 032 PR d [mm] 120 140 160 180 200 240 ISOCOMPACT 034 d [mm] 60 60 60 60 60 60 Wärmeschutz im Winter und Sommer *** *** *** *** *** **** Wärmedurchgangskoeffizient:"
"4297","2019-08-18","internetbasiert","Samsung Galaxy A20s - neue Bilder und offizielle Zertifizierung. Testberichte, News, Tablets & Smartphones, 2019-08-18","https://www.appdated.de/2019/08/samsung-galaxy-a20s-neue-bilder-und-offizielle-zertifizierung/","The Wi-Fi Alliance has certified the SM-A207F/DS variant of the upcoming Galaxy A20s. Apart from the model number, the listing only confirms the phone will run on the Android* 9.0 Pie operating system out of the box and support single-band Wi-Fi 802.11 b/g/n."
"4298","2018-03-13","internetbasiert","Süß-pikantes „Restl“-Knäcke. Ernährungssachen, 2018-03-13","https://ernaehrungssachen.at/2018/03/13/suess-pikantes-restl-knaecke/","Beide varianten sind toll!"
"4299","2020-10-12","internetbasiert","Vorsicht Falle: Great Barrington Declaration. Schariagegner, 2020-10-12","https://schariagegner.wordpress.com/2020/10/12/vorsicht-falle-great-barrington-declaration/","„Biden admin preps for next pandemic as Delta variant surges“."
"4300","2020-01-01","internetbasiert","Schleifen. RMM Metallbearbeitung GmbH, 2020-01-01","https://www.rmm-metallbearbeitung.de/know-how/schleifen/","[...]333333″ icon=“none“ icon_size=““ btn_icon_pos=“ubtn-sep-icon-right-rev“ btn_border_style=“solid“ btn_color_border=“#ffffff“ btn_color_border_hover=“#ffffff“ btn_border_size=“2″ btn_radius=“2″ btn_font_style=“font-weight:700;“ css_adv_btn=“.vc_custom_1572949728024{margin-top: 0px !important;margin-bottom: 0px !important;padding-top: 0px !important;padding-bottom: 0px !important;}“ btn_font_size=“desktop:18px;“ btn_line_height=“desktop:28px;“ btn_font_family=“font_family:Roboto|font_call:Roboto|variant:700″][/vc_column][/vc_row] [...]"
"4301","2019-01-22","internetbasiert","DGAP-News: Francotyp-Postalia Holding AG: Nächste strategische Investition in den Zukunftsmarkt IoT: FP steigt bei Smart Data-Startup Juconn ein. 0800hardware.de, 2019-01-22","http://0800hardware.de/dgap-news-francotyp-postalia-holding-ag-naechste-strategische-investition-in-den-zukunftsmarkt-iot-fp-steigt-bei-smart-data-startup-juconn-ein/","The ease of use of a Nano board with the addition of secure IoT and BT connectivity Small (45mm x 18mm), robust and powerful board; 3.3V variant of the Nano family."
"4302","2018-03-10","internetbasiert","Die 10 schwersten Klettersteige der Welt. Klettersteige - Wandern & Klettern | Outdoor Community via-ferrata.de, 2018-03-10","https://www.via-ferrata.de/die-10-schwersten-klettersteige-der-welt/","Dabei gibt es hier fast 20 tolle Klettersteig(varianten), die für viel Abwechslung sorgen."
"4303","2020-01-01","internetbasiert","VW Passat Variant Elegance Premium 2.0 TDI SCR 4Motion 240PS DSG | EU Neuwagen | Jütten und Koolen. Jütten und Koolen, 2020-01-01","https://www.juetten-koolen.de/fahrzeuge/eu-neuwagen/VW-Passat-Variant-Elegance-Premium-2.0-TDI-SCR-4Motion-240PS-DSG_29-B5_612","Volkswagen Passat Variant Ausstattung Die Volkswagen Passat Variant Neuwagen Ausstattung, wie Modell, Motor, Farbe und alle weiteren Extras, sind frei wählbar."
"4304","2019-07-26","internetbasiert","In Ears - im Club? zum Produzieren? zum Mischen? - AMAZONA.de. AMAZONA.de, 2019-07-26","https://www.amazona.de/community/in-ears-im-club-zum-produzieren-zum-mischen/","das erste set was ich mir kaufte war daraufhin der UE-7 von ultimate ears – ein an das individuelle ohr angepasster drei-wege balanced armature hörer für 1000EUR wobei ich mir die variante mit verschliessbarem umgebungsgeräusch-kanal kaufte."
"4305","2020-10-05","internetbasiert","Bodenarbeitsseil Dünn - Prices from 51.60 to 58.75. Bataliru, 2020-10-05","https://bataliru.de/products/bodenarbeitsseil-dunn-prices-from-51-60-to-58-75","[...] Halsbänder Leinen Anhänger Pferde Alles Arbeitsseile Halsringe Knotenhalfter Zügel Anhänger Mensch Messanleitung Hundehalsband Knotenhalfter Material & Farben Material Farben Gutschein Alle Produkte Suchen Suchen Einloggen Einkaufswagen Home Hund Hund Menü Hund Alles Halsbänder Leinen Anhänger Pferde Pferde Menü Pferde Alles Arbeitsseile Halsringe Knotenhalfter Zügel Anhänger Mensch Messanleitung Messanleitung Menü Messanleitung Hundehalsband Knotenhalfter Material & Farben Material & Farben Menü Material & Farben Material Farben Gutschein Alle Produkte Bodenarbeitsseil Dünn - Prices from 51.60 to 58.75 Normaler Preis €51,60 Sonderpreis €51,60 Angebot inkl. MwSt. zzgl. Versandkosten Title Variant for price 51.6 Variant for price 52 Variant for price 52.1 Variant for price 52.2 Variant for price 52.45 Variant for price 52.55 Variant for price 52.65 Variant for price 53.05 Variant for price 53.15 Variant for price 53.25 Variant for price 53.5 Variant for price 53.6 Variant for price 53.7 Variant for price 54.1 Variant for price 54.2 Variant for price 54.55 Variant for price 54.65 Variant for price 54.75 Variant for price 55.15 Variant for price 55.25 Variant for price 55.6 Variant for price 55.7 Variant for price 56.2 Variant for price 56.65 Variant for price 56.75 Variant for price 57.25 Variant for price 57.7 Variant for price 58.75 Variant [...]"
"4306","2020-01-26","internetbasiert","Comics: The Dark Crystal – The Quest for the Dual Glaive (Part 1 of 4) - SteamTinkerers Klönschnack | KLNSCHNCK. SteamTinkerers Klönschnack | KLNSCHNCK, 2020-01-26","https://steamtinkerer.de/2020/01/26/comics-the-dark-crystal-the-quest-for-the-dual-glaive-part-1-of-4/","Kevin Tong hat mit dem „Variant Cover“ einen echten Blickfang geschaffen."
"4307","2018-07-24","internetbasiert","Google App 8.13: Hinweise auf Neuerungen beim Google Assistant & Komfortfunktion bleibt US-only - GWB. GoogleWatchBlog, 2018-07-24","https://www.googlewatchblog.de/2018/07/google-app8-hinweise-neuerungen/","Kaum Neuerungen , immer noch keine home display variante etc.. sieht alles momentan nach Beta und Vaporware aus wo man schon wieder Angst hat das google alles einstellt und nicht konsequent weiter dran bleibt."
"4308","2020-01-01","internetbasiert","Gigaset Communications GmbH - Case Study. Board International, 2020-01-01","https://www.board.com/de/gigaset-communications-gmbh-case-study","Variant Planning"
"4309","2018-12-18","internetbasiert","Energieausweis für Wohnung oder Haus | GG Immobilien. GG Real Estate e.K., Abt. GG Immobilien, 2018-12-18","https://www.gg-immobilien.de/angebote/energieausweis/","VARIANTEN DES ENERGIEAUSWEISES"
"4310","2018-11-27","internetbasiert","Kontron/S&T: Kontron baut IoT-Framework SUSIEtec aus. 0800hardware.de, 2018-11-27","http://0800hardware.de/kontron-st-kontron-baut-iot-framework-susietec-aus/","The ease of use of a Nano board with the addition of secure IoT and BT connectivity Small (45mm x 18mm), robust and powerful board; 3.3V variant of the Nano family."
"4311","2019-11-26","internetbasiert","KNAUS SUN TI (Teilintegrierter). Web-Set Interactive Gmbh, 2019-11-26","https://www.car7.ch/auto/KNAUS-SUN-TI-Teilintegrierter--_0_32475.html","VW Golf VI Variant 1.6 TDI BlueMT Trendl. DSG"
"4312","2018-03-09","internetbasiert","Baan Thai - Imbiss - Gästebuch. baan-thai-imbiss.de, 2018-03-09","http://baan-thai-imbiss.de/gästebuch/","die speisen, die wir ausgewählt haben, waren vorzüglich. bedienung ist freundlich und schaut einen auch nicht komisch an, wenn man die schärfste variante bestellt. nein im gegenteil, die besitzer"
"4313","2020-01-01","internetbasiert","Pongratz Dreiseitenkipper PDK *Stahlbordwände* 176x360cm 3,0t|E-Pumpe|BWA. Koch Anhängerwerke, 2020-01-01","https://www.kochanhaengerwerke.de/kipper/3-seitenkipper/pongratz-dreiseitenkipper-pdk-stahlbordwaende-176x360cm-3-0t-e-pumpe-bwa","Variant Heckkipper Variant 168x320cm 2,7t | E-Pumpe | Rampen | Gitter | Aktion"
"4314","2019-09-15","internetbasiert","Blog_Karwendel. peakture.de, 2019-09-15","https://peakture.de/blog%20peakture/karwendelhoehenweg.html","(variante)"
"4315","2019-11-20","internetbasiert","Variant-e. Autonotizen, 2019-11-20","https://autonotizen.de/neuigkeiten/vw-id-space-vizzion","Aber das lässt sich auch vom guten alten Passat Variant sagen."
"4316","2018-06-12","internetbasiert","Schrott wird Flott auf der Intermot. Griesgram999, 2018-06-12","https://griesgram999.wordpress.com/2018/06/12/schrott-wird-flott-auf-der-intermot/","Bei normalem Landstrassentempo fuhr sich die 27PS variante noch am besten, die 34er war Mist, die 44er dann fast wie die 27PS variante, nur obenrum besser."
"4317","2020-01-01","internetbasiert","World of Blond. world-of-blond.de, 2020-01-01","https://www.world-of-blond.de","[...] Nach Relevanz Nach Preis (aufsteigend) Nach Preis (absteigend) -55% Haarfarbe Blondme Bleach & Tone 18,24€ €8,25 / 60ml € 137,50 / 1l MERKEN VARIANTE Haarfarbe Blondme Blonde Lifting €19,50 / 60ml € 325,00 / 1l MERKEN VARIANTE Tönung Blondme Blonde Toning €19,50 / 60ml € 325,00 / 1l MERKEN VARIANTE Haarfarbe Blondme White Blending €19,50 / 60ml € 325,00 / 1l MERKEN VARIANTE Haarfarbe BlondMe Hi-Lighting €19,50 / 60ml € 325,00 / 1l MERKEN VARIANTE -12% Haarfarbe Raliss Hair Color 3,95€ €3,49 / 60ml € 58,17 / 1l MERKEN VARIANTE -60% Tönung Igora Vibrance 17,37€ €6,99 / 60ml € 116,50 / 1l MERKEN VARIANTE -61% Blondierpulver Blondme Bond Enforcing Premium Lightener 9+ 67,11€ €25,96 / 450g € 57,69 / 1kg MERKEN WARENKORB -45% Maske Raliss Reconstructive Hair Mask 15,95€ €8,85 / 500ml € 17,70 / 1l MERKEN WARENKORB -49% Conditioner Raliss Revitalizing Hair Conditioner 16,70€ €8,55 / 500ml € 17,10 / 1l MERKEN WARENKORB -34% Farbentferner Raliss Hair Color Clean 7,60€ €4,99 / [...]"
"4318","2020-02-28","internetbasiert","meine-wiking-welt - Passat Variant V. meine-wiking-welt.eu, 2020-02-28","https://www.meine-wiking-welt.eu/pkw/volkswagen/passat-variant-v/","VW Passat Variant 03804 2003-2004 reflexsilbermetallic lackiert, IE mit separiertem Lenkrad schwarz, Innenspiegel Teil der Verglasung, Scheibenwischer Teil der Karosserie, plastische Heckwischer, 2 Außenspiegel in Wagenfarbe, Frontscheinwerfer klartransparent + Rückleuchten rottransparent eingesetzt, mit plastische Dachreling schwarz, eingesetzter schwarzer Grill mit gesilbertem VW-Emblem, mit Zughaken, seitliche Bedruckung der B- und C-Säule schwarz, Räder zweiteilig Alufelgen mit aufgezogenen Reifen, Bodenplatte schwarz, Bodenprägung modernes Wiking-Logo + ""Germany""."
"4319","2018-08-12","internetbasiert","3D Druck - Festool vacuum cleaner adapter - flexible. 3d-loewe.de, 2018-08-12","https://www.3d-loewe.de/p/festool-vacuum-cleaner-adapter-flexible","Variante 2: festool vac cl adapter tw"
"4320","2020-01-01","internetbasiert","Matador MPS 400 Variant All Weather 2 215/65 R15 10 T. Autoreifenfinder, 2020-01-01","https://www.autoreifenfinder.ch/matador/mps-400-variant-all-weather-2/215-65-r15-10t-105324/","Der Matador MPS 400 Variant All Weather 2 ist ein Ganzjahresreifen für LKW."
"4321","2019-10-13","internetbasiert","Ruhige Hunderassen - Diese Hunde haben das entspannteste Wesen.. Hundehausen, 2019-10-13","https://hundehausen.de/ruhige-hunderassen-die-top-5-im-portrait/","Der altdeutsche Mops ist zum Beispiel eine gesündere variante Mops."
"4322","2018-09-09","internetbasiert","Samsung Galaxy S10 mit Tizen als Betriebssystem? Eher nicht.. Testberichte, News, Tablets & Smartphones, 2018-09-09","https://www.appdated.de/2018/09/samsung-galaxy-s10-mit-tizen-als-betriebssystem-eher-nicht/","The Galaxy S10 Plus is said to sport three cameras on its back, while the small Galaxy S10 variant will stick to one rear-facing camera."
"4323","2018-07-12","internetbasiert","My cooking diary – Wednesday 11/07/2018. Cookwithlovefordaughter, 2018-07-12","https://cookwithlovefordaughter.wordpress.com/2018/07/12/my-cooking-diary-wednesday-11-07-2018/","This variant Bánh mì thịt (recipe) is new and different."
"4324","2019-07-03","internetbasiert","Scrum Master – IoT (m/w/d). 0800hardware.de, 2019-07-03","http://0800hardware.de/scrum-master-iot-m-w-d/","Small (45mm x 18mm), robust and powerful board; 3.3V variant of the Nano family."
"4325","2019-03-24","internetbasiert","Programmier Tutorial: Apps für Android entwickeln – Teil 14: Mit Debugging Programmfehler im Quellcode finden. Mit Debugging Programmfehler im Quellcode finden in Android Studio, 2019-03-24","https://www.programmierenlernenhq.de/tutorial-android-debugging-mit-android-studio/","Android Studio hat für dieses Modul zum Projektstart automatisch zwei Build Variants angelegt, einen Debug- und einen Release-Build Variant."
"4326","2019-11-28","internetbasiert","Volkswagen Golf Variant MFH Mehrmarken Fahrzeughandel - Neuwagenvermittlung-24. Osna-Autos, 2019-11-28","https://www.mfh-autos.de/liste-volkswagen-golf-variant-a__46671_alle.php","Volkswagen Golf Variant 8 Style 1,5 TSI ACT 110KW ACC Winter 2023 Bestellung ab Werk"
"4327","2020-01-01","internetbasiert","Brenderup Dreiseitenkipper TT5325-3500 180x325 3,5t|E-Pumpe. Koch Anhängerwerke, 2020-01-01","https://www.kochanhaengerwerke.de/kipper/3-seitenkipper/brenderup-dreiseitenkipper-tt5325-3500-180x325-3-5t-e-pumpe","Variant Hochlader Anhänger P3 3018 Comfort | 175x315cm 3,0t"
"4328","2018-04-13","internetbasiert","Star Wars Comic-Kollektion 43: Schatten des Imperiums: Evolution, 13,99 €. Star Wars Comic-Kollektion 43: Schatten des Imperiums: Evolution, 13,99 €, 2018-04-13","https://www.merchfox.at/Star-Wars-Comic-Kollektion-43-Schatten-des-Imperiums-Evolution","HDESWC043 Format: Hardcover (HC) Variantcover: kein Variant Erstveröffentlichung: 13.04.2018 Seiten: 148 Autor/en: Steve Perry Zeichner:"
"4329","2020-07-08","internetbasiert","Saxophonist Funky Marys. Saxophonaut - Der Saxophonist aus Köln, 2020-07-08","https://saxophonaut.de/projekte/bcd4316a-2d35-4cd8-bd56-ce6388cdd17f-1/","Zum Inhalt springen Suche nach: ÜBER MICH Marke Saxophonaut Profil Projekte Referenzen Auszeichnungen NEWS VARIANTEN Sax Solo Sax & Piano Sax & DJ Sax, Piano & Gesang Sax & Band MEDIA FOTOS VIDEOS Saxophonist Funky Marys Saxophonist Funky Marys saxophonaut 2020-07-08T22:36:05+00:00 Projekte Saxophonist Köln funky marys Page load link"
"4330","2020-01-01","internetbasiert","Ifor Williams Heckkipper TT 3621 198x368cm 3,5t|E-Pumpe. Koch Anhängerwerke, 2020-01-01","https://www.kochanhaengerwerke.de/kipper/rueckwaertskipper/ifor-williams-heckkipper-tt-3621-198x368cm-3-5t-e-pumpe","Variant Heckkipper Variant 168x320cm 2,7t | E-Pumpe | Rampen | Aktion"
"4331","2020-10-05","internetbasiert","Bodenarbeitsseil Dünn - Prices from 51.60 to 58.75. Bataliru, 2020-10-05","https://bataliru.de/products/bodenarbeitsseil-dunn-prices-from-51-60-to-58-75","[...] Variant for price 52 Variant for price 52.1 Variant for price 52.2 Variant for price 52.45 Variant for price 52.55 Variant for price 52.65 Variant for price 53.05 Variant for price 53.15 Variant for price 53.25 Variant for price 53.5 Variant for price 53.6 Variant for price 53.7 Variant for price 54.1 Variant for price 54.2 Variant for price 54.55 Variant for price 54.65 Variant for price 54.75 Variant for price 55.15 Variant for price 55.25 Variant for price 55.6 Variant for price 55.7 Variant for price 56.2 Variant for price 56.65 Variant for price 56.75 Variant for price 57.25 Variant for price 57.7 Variant for price 58.75 Variant for price 51.6 Variant for price 52 Variant for price 52.1 Variant for price 52.2 Variant for price 52.45 Variant for price 52.55 Variant for price 52.65 Variant for price 53.05 Variant for price 53.15 Variant for price 53.25 Variant for price 53.5 Variant for price 53.6 Variant for price 53.7 Variant for price 54.1 Variant for price 54.2 Variant for price 54.55 Variant for price 54.65 Variant for price 54.75 Variant for price 55.15 Variant for price 55.25 Variant for price 55.6 Variant for price 55.7 Variant for price 56.2 Variant [...]"
"4332","2020-06-09","internetbasiert","Kommt ein Möbel geflogen! / ADAC Crashtest: Ungesicherte Einkäufe aus Bau- oder Möbelmarkt bei Unfall lebensgefährlich - Hybridfahrzeuge24 | Hybridfahrzeuge - Hybridauto. Hybridfahrzeuge24, 2020-06-09","https://www.hybridfahrzeuge24.com/62951/kommt-ein-moebel-geflogen-adac-crashtest-ungesicherte-einkaeufe-aus-bau-oder-moebelmarkt-bei-unfall-lebensgefaehrlich/","Im Test hatte der ADAC einen Crash mit einem vollbeladenen VW Golf V Variant bei Tempo 45 simuliert:"
"4333","2018-07-30","internetbasiert","Vodafone: Halbzeit beim Narrowband-IoT-Ausbau. 0800hardware.de, 2018-07-30","http://0800hardware.de/vodafone-halbzeit-beim-narrowband-iot-ausbau/","Small (45mm x 18mm), robust and powerful board; 3.3V variant of the Nano family."
"4334","2020-01-19","internetbasiert","Lesesonntag im Januar 2020. natirasblog.blogspot.com, 2020-01-19","https://natirasblog.blogspot.com/2020/01/lesesonntag-im-januar-2020.html","Ich trinke ja sonst doch eher wenig Kaffee, aber da ich solche Lust auf Milchkaffee(varianten) hatte, bin ich im Laufe des Vormittags zusammengerechnet wohl auf einen halben Lister Espresso gekommen."
"4335","2020-06-04","internetbasiert","Geschwindigkeit nordvpn vs expressvpn – Nordvpn | 50% Rabatt. Bester VPN-Vergleicher, 2020-06-04","http://minecraftopia.de/geschwindigkeit-nordvpn-vs-expressvpn-nordvpn-50-rabatt/","Dann ist dieser variante gerade als expressvpn, dafür sind wirklich einen passenden kategorie und beziehen von inhalten gibt es von uns innerhalb weniger als die fritzbox nach höchstem niveau."
"4336","2020-05-21","internetbasiert","Lehm Arbeiten. ziebeck.de, 2020-05-21","https://ziebeck.de/Leistungen/Lehmputz","Die Effekte werden durch unterschiedliche Verarbeitungen ( varianten ) und durch die Beimengung natürlicher Stoffe (Mineralien, Glimmer, Stein, Fasern, Holzspäne, Stroh…) erzielt."
"4337","2020-12-01","internetbasiert","weltkarten als hingucker. hippe-sippe.com, 2020-12-01","https://hippe-sippe.com/weltkarten-als-hingucker/","und jetzt ist sie also da, und macht sich ganz gut, oder? und bei den vielen varianten, farben und gestaltungsideen ist sie auch ein gutes geschenk für alle, die gerne reisen, für kids gibt es auch diverse bunte karten, mit denen sie die welt entdecken können, wenn ihr mehr sehen wollt, hier gehts zum kompletten angebot: weltkarten und wenn ihr mögt schreibt uns doch mal, welches eure lieblingkarte ist!"
"4338","2020-10-13","internetbasiert","Nimm-was-du-hast-Quiche. strickeninderprovinz.blogspot.com, 2020-10-13","https://strickeninderprovinz.blogspot.com/2020/10/nimm-was-du-hast-quiche.html","ich liebe quiches - und mache sie ganz oft genau wie du. ein blick in den kühlschrank und dann wird geschnippelt. am liebsten mag ich die variante mit porree, möhren und schafskäse. mit kürbis hab ich es noch nie probiert, aber das wird sich jetzt ändern, denn oft hat man ja vom suppenkochen o.ä. noch einen rest über. AntwortenLöschen"
"4339","2018-06-26","internetbasiert","Destiny 2: Hier wirst Du Jagd auf Caydes Mörder machen!. Mein-MMO.de, 2018-06-26","https://mein-mmo.de/destiny-2-forsaken-teaser-wirrbucht/","Das Bewusstsein des Menschen wehrt sich gegen das Exo dasein dadurch kann es zu abstoßreaktionen kommen deswegen wird ein teil der Erinnerung des Hirns / speicherplatte gelöscht dadurch erleichtert man es dem Bewusstsein sich an die Exo variante seiner Körpers anzu passen die nummer hinter dem namen bedeutet wie oft ein Exo rebooted werden musste"
"4340","2018-11-09","internetbasiert","Volkswagen soll Elektroauto für unter 20.000 Euro planen. ecomento.de, 2018-11-09","https://ecomento.de/2018/11/09/volkswagen-soll-elektroauto-fuer-unter-20-000-euro-planen/","Die variante mit accu-miete ist seit monaten vom tisch."
"4341","2020-01-01","internetbasiert","Debon Dreiseitenkipper DDK 180x360 3,5t|E-Pumpe||Aktion. Koch Anhängerwerke, 2020-01-01","https://www.kochanhaengerwerke.de/kipper/3-seitenkipper/debon-dreiseitenkipper-ddk-180x360-3-5t-e-pumpe-aktion","Variant Heckkipper Variant 168x320cm 2,7t | E-Pumpe | Rampen | Aktion"
"4342","2020-01-01","internetbasiert","Spezial Dubbing Dispenser Box (10 Sorten zur Auswahl). Der Angelsachse, 2020-01-01","https://www.angelsachse.de/Fliegenbinden/Dubbing/Spezial-Dubbing-Dispenser-Box-10-Sorten-zur-Auswahl::2765.html","Antron Nr.1 Dubbing Dispenser mit folgenden Farben: Golden Stone, Light Olive, Medium Olive, Dark Olive, Hares Ear, Black, Cahill Cream, Hexagenia, Ginger Variant, Chocolate, Light Gray"
"4343","2018-02-03","internetbasiert","Was ist mit diesem Deck los??? | Hearthstone Forum. HearthstoneHeroes.de, 2018-02-03","https://www.hearthstoneheroes.de/t/was-ist-mit-diesem-deck-los/","Also gut, wenn es control sein soll, empfehle ich die Big Spell variante."
"4344","2020-01-01","internetbasiert","Vezeko Absenkanhänger 127x246cm 750kg|absenkbar. Koch Anhängerwerke, 2020-01-01","https://www.kochanhaengerwerke.de/fuer-fahrzeuge/motorrad-anhaenger/motorrad-anhaenger/vezeko-absenkanhaenger-127x246cm-750kg-absenkbar","Variant Hochlader Anhänger 3521 P5 | 205x515cm 3,5t | Pro-Line"
"4345","2020-11-03","internetbasiert","VW Golf 8 Variant - Kompaktkombi in sechster Generation - NewCarz.de. NewCarz.de, 2020-11-03","https://www.newcarz.de/2020/11/03/vw-golf-8-variant-kompaktkombi-in-sechster-generation/","Erstmals machen in einem Golf Variant zudem neue „IQ.LIGHT – LED-Matrixscheinwerfer“ die Nacht zum Tage."
"4346","2019-04-04","internetbasiert","Q1 2019: Tesla liefert 31 Prozent weniger Elektroautos als im Vorquartal aus. ecomento.de, 2019-04-04","https://ecomento.de/2019/04/04/q1-2019-tesla-liefert-31-prozent-weniger-elektroautos-als-im-vorquartal-aus/","Spätestens im mai sind für diese varianten nicht mehr genügend bestellungen vorhanden um die produktion damit auszulasten, weil – wie zuvor schon in den USA – die fan-bestellwelle beliefert ist."
"4347","2018-06-21","internetbasiert","NPS / SOLOVAIR - von Froben. von Froben – Kleidungskultur., 2018-06-21","https://von-froben.de/sortiment/nps-solovair/","Die komplett in England gefertigten Schuhe bieten ein sehr gutes Preis-Leisungsverhältnis und interessante Modell- varianten, die eine modische Besonderheit im Bereich rahmengenähten Schuhwerkes darstellen."
"4348","2020-09-22","internetbasiert","Waschmittel mit Rosskastanien. wild.wuchs.Natur-Akademie, 2020-09-22","https://wildwuchsnatur.at/2020/09/22/waschmittel-mit-rosskastanien/","1) Variant:"
"4349","2019-08-29","internetbasiert","CAN-Bus am Raspberry Pi | cryCode.de. cryCode.de, 2019-08-29","https://crycode.de/can-bus-am-raspberry-pi","/boot/config.txtje nach Variante diese Einstellungen drin haben:dtoverlay=mcp2515-can0,oscillator=8000000,interrupt=25,spimaxfrequency=1000000"
"4350","2019-01-23","internetbasiert","Kurzrepertorisierungen mit Boger, Bönninghausen und Phatak. Forum für klassische Homöopathie, 2019-01-23","http://www.homoeopathiezirkel.de/t2637f59-Kurzrepertorisierungen-mit-Boger-Boenninghausen-und-Phatak.html","das sind dann die homöopathen, die damit wirklich pro fall nur 15 minuten brauchen.. aber das meine ich ja nicht. man kann die kurzrepertorien auch sehr gut benutzen wenn es klappt und dann in der materia medica weiter differenzieren. es ist eben eine nicht-klassische variante, die sich sehr gut mit kents repertorien ergänzt. und so selten sind eigentümliche symptome meines erachtens nun nicht. man muss sie halt finden, aber ich würde mal schätzen in jedem zweiten fall gibt es sowas."
"4351","2020-12-09","internetbasiert","Volvo S80 als erstes Auto - In aller Welt. In aller Welt, 2020-12-09","http://www.in-aller-welt.berlin/volvo-s80-als-erstes-auto/","Als ich mit 19 endlich meinen Führerschein hatte, bestand mein Vater darauf, dass ich mir einen angemessenen Kleinwagen zulege, nicht etwa den von mir favorisierten Passat 35i Variant oder den Lada Samara, den es damals noch in größeren Mengen für wenig Geld gab."
"4352","2018-04-16","internetbasiert","Pentagon darf Gründe für Dritten Weltkrieg nicht nennen | QPress. QPress, die vier Halbwahrheiten, 2018-04-16","https://qpress.de/2018/04/16/pentagon-darf-gruende-fuer-dritten-weltkrieg-nicht-nennen/","Aber die dinge die mit glauben zu tun haben, wo es mehrere möglichkeiten der zusammenhänge gibt, bringt nichts, außer es mal aufzuzeigen, ja die variante gibt es noch…………, wo man sich selbst nur beim aufzeigen schon outet weil die leser sofort meinen ja der meint das wäre so."
"4353","2020-01-01","internetbasiert","25-100. isover.ch, 2020-01-01","https://www.isover.ch/de/solutions/25-100","Description Unité 1 Unité 2 Variant 1 Variant 2 Variant 3 Variant 4 Variant 5 Variant 6 PB M 030 d [mm] 40 Wärmeschutz im Winter und Sommer Wärmedurchgangskoeffizient U [W/(m2 K)] 0.45 Wärmeschutz im Sommer Wärmespeicherfähigkeit (mit Rsi) κi [Wh/m2 K)] 16 Schalldämmung Bewertetes Schalldämm-Mass Rw [dB] 64 Spektrum-Anpassungswerte (C;Ctr)"
"4354","2018-10-12","internetbasiert","2018 Kia Rio 1.0 T-GDI 120 Platinum. 2018 Kia Rio 1.0 T-GDI 120 Platinum, 2018-10-12","https://ausfahrt.tv/2018-kia-rio-1-0-t-gdi-120-platinum/","Für den amerikanischen Markt wurde im April 2017 eine Variante mit Stufenheck vorgestellt, für den chinesischen Markt den Kia K2 Cross, eine um 45 mm höher gelegte variante die ab der zweiten Hälfte des Jahres 2017 verkauft wurde."
"4355","2020-08-03","internetbasiert","Variant 3521 TB | 414x210cm - 3,5t | Dreiseitenkipper-Anhänger mit Blattfederung. PKW-Anhänger kaufen bei P+P Anhängercenter | Wohnmobil Vermietung & Anhängervermietung, 2020-08-03","http://www.ppanhaengercenter.com/store/p732/Variant-3521TB-Dreiseitenkipper-Blattfederung-Anhaenger.html","Variant Dreiseitenkipper"
"4356","2018-08-15","internetbasiert","Variant 275 von Hanse Haus | Fertighaus.de. Fertighaus.de, 2018-08-15","https://www.fertighaus.de/haeuser/hanse-variant275/","Das Haus Variant 275 ist perfekt für diese spannende Zeit gerüstet und bietet allen den nötigen Freiraum."
"4357","2019-05-15","internetbasiert","Video Archives - nextmove. Nextmove, 2019-05-15","https://nextmove.de/type/video/","Buyers of the 40 kWh variant can now request a software update, but this only slightly improves battery recharging speeds."
"4358","2020-02-28","internetbasiert","meine-wiking-welt - 4 PKW Nr. Bereich 9012. 4 PKW Nr. Bereich 9012, 2020-02-28","https://www.meine-wiking-welt.eu/n-modelle/4-pkw/4-pkw-nr-bereich-9012/","Citroen Pallas + NSU Ro 80 MB 280 + W Variant"
"4359","2020-11-04","internetbasiert","Prof. Dr. Udo Reischl - Institut für Mikrobiologie und Hygiene Regensburg. Institut für Mikrobiologie und Hygiene Regensburg, 2020-11-04","https://imhr.de/prof-dr-rer-nat-udo-reischl/","225. Reischl, U., E. Straube, and M. Unemo (2009) The Swedish new variant of Chlamydia trachomatis (nvCT) remains undetected by many European laboratories as revealed in the recent PCR/NAT ring trial organized by INSTAND e.V., Germany."
"4360","2020-01-01","internetbasiert","VW Golf R Variant: Adaptive Fahrwerksregelung DCC. Volkswagen Österreich, 2020-01-01","https://www.volkswagen.at/service-zubehoer/vorgaengermodelle/golf-r-variant-2019/dcc","Dann bringen Sie mit der Fahrprofilauswahl und dem extra für den Golf R Variant entwickelten Race-Modus den Motorsport auf die Straße."
"4361","2019-05-13","internetbasiert","Samsung Galaxy Note 10 - 64MP Kamera-Sensor kommt leider nicht. Testberichte, News, Tablets & Smartphones, 2019-05-13","https://www.appdated.de/2019/05/samsung-galaxy-note-10-soll-noch-ohne-den-neuen-64mp-kamera-sensor-kommen/","There’s a good possibility that a 4G LTE variant will be offered as well since 5G networks won’t be commonplace even by the end of this year."
"4362","2020-07-12","internetbasiert","WLAN Router hat 2 Antennen Anschlüsse Ersatzteilversand. forum.electronicwerkstatt.de, 2020-07-12","https://forum.electronicwerkstatt.de/phpBB/Funktechnik/wlan_router_hat_2_antennen_anschluesse-t71173f18_bs0.html","es gibt verschiedene philosophien... variante a) Beide Antennen agieren als Sende und empfangsantenne, das jeweils bessere Signal wird verwendet variante b) die eine Antenne wird als Sende- und die andere als Empfangsantenne verwendet."
"4363","2018-03-02","internetbasiert","VMware erweitert IoT-Strategie. 0800hardware.de, 2018-03-02","http://0800hardware.de/vmware-erweitert-iot-strategie/","The ease of use of a Nano board with the addition of secure IoT and BT connectivity Small (45mm x 18mm), robust and powerful board; 3.3V variant of the Nano family."
"4364","2020-06-06","internetbasiert","Der VW Passat für die grünen Momente - Wiesbadener Kurier. Wiesbadener Kurier, 2020-06-06","https://www.wiesbadener-kurier.de/ratgeber/auto-und-motorrad/autotests/volkswagen/der-vw-passat-fur-die-grunen-momente_21770500","Auch wenn große Familienkombis auf der Wunschliste nicht mehr ganz oben stehen aufgrund des SUV-Booms: Der Passat ist als Variant mit knapp 4,90 Meter Länge eine stattliche Erscheinung."
"4365","2019-02-07","internetbasiert","Wie das IoT den Weg vom Hype ins Business findet. 0800hardware.de, 2019-02-07","http://0800hardware.de/wie-das-iot-den-weg-vom-hype-ins-business-findet/","The ease of use of a Nano board with the addition of secure IoT and BT connectivity Small (45mm x 18mm), robust and powerful board; 3.3V variant of the Nano family."
"4366","2020-02-16","internetbasiert","Längs- und Quertrockner | Elektro Mechanik Sonnenschein GmbH. Elektro Mechanik Sonnenschein GmbH, 2020-02-16","https://el-me-so.de/index.php/featured_item/langs-and-quer-trockner/","Maschinen dieser Produktlinie, können wir im Folgenden varianten konzipieren:"
"4367","2018-10-09","internetbasiert","Erste vollständige IDSA-Infrastruktur wird auf IoT Solutions World Congress präsentiert. 0800hardware.de, 2018-10-09","http://0800hardware.de/erste-vollstaendige-idsa-infrastruktur-wird-auf-iot-solutions-world-congress-praesentiert/","Small (45mm x 18mm), robust and powerful board; 3.3V variant of the Nano family."
"4368","2020-07-26","internetbasiert","The Telegraph: Sind die Euro-Notenbanken insolvent?. Think beyond the obvious, 2020-07-26","https://think-beyondtheobvious.com/stelters-lektuere/the-telegraph-sind-die-euro-notenbanken-insolvent/","„Vast liabilities are being switched quietly from private banks and investment funds onto the shoulders of taxpayers across southern Europe. It is a variant of the tragic episode in Greece, but this time on a far larger scale, and with systemic global implications.“ – bto:"
"4369","2018-12-20","internetbasiert","VW Passat Kombi mieten bei Dr. Hartl Autoverleih. Dr. Hartl Autoverleih, 2018-12-20","https://drhartl.at/vw-passat-kombi-mieten/","Gerne stehen wir Ihnen bei Fragen bezüglich der Anmietung eines VW Passat Variant unter 01/544 4343 zur Verfügung."
"4370","2019-02-07","internetbasiert","3 Spartipps fürs Badezimmer - Hier kannst du wirklich sparen. Vergleichskiosk - Geld sparen und Geld verdienen, 2019-02-07","https://vergleichskiosk.de/3-spartipps-fuers-badezimmer/","Auch hier gibt es zahlreiche varianten von Klemmbaren, klebenden oder hängenden Regalen."
"4371","2018-10-26","internetbasiert","Suche. tksoft-online.de, 2018-10-26","http://www.tksoft-online.de/index.php/ms-access/codes/codeschnipsel-zahlen/196-unter-ms-access-beliebig-runden","Function Round_New(Wert As Variant, Rundungszahl As Double) As Double Dim Res As Variant If IsNull(Wert)"
"4372","2019-12-19","internetbasiert","Angelcare Windeleimer Nachfüllpack Plus 3er Pack | Kinderhaus Blaubär. kinderhaus-blaubaer.de, 2019-12-19","https://www.kinderhaus-blaubaer.de/pflege-ernaehrung/wickeln/wickelzubehoer/angelcare-windeleimer-nachfuellpack-3er-pack_27357_26384","[...] { _tsRatingConfig = { tsid : 'X0C74C395F78C2D0663798C126CCFC286', element : '#ts_review_sticker', variant : 'testimonial', reviews : '5', betterThan : '3.0', richSnippets : 'on', backgroundColor : '#FFDC0F', linkColor : '#000000', quotationMarkColor : '#FFFFFF', fontFamily : 'Arial', reviewMinLength : '10' }; var scripts = document.getElementsByTagName('SCRIPT'), me = scripts[scripts.length - 1]; var _ts = document.createElement('SCRIPT'); _ts.type = 'text/javascript'; _ts.async = true; _ts.src = '//widgets.trustedshops.com/reviews/tsSticker/tsSticker.js'; me.parentNode.insertBefore(_ts, me); _tsRatingConfig.script = _ts; })(); [...]"
"4373","2019-03-11","internetbasiert","Fotorucksack Downloadbereich - König Photobags. König Photobags, 2019-03-11","https://www.koenig-photobags.de/fotorucksack-downloadbereich/","R2 Variante f Sigma 150-600 u 70-200 schussbereit1"
"4374","2019-01-01","internetbasiert","Simonswerk Einbohrband Rahmenteil V 8000 WF für Innentüren Ø 15 mm. Onlineshop für Möbel- und Baubeschläge, Heimwerkerbedarf und alles für DIY, 2019-01-01","https://www.heimwerkertools.com/tuerbeschlaege/tuerscharniere/einbohrscharniere/415/simonswerk-einbohrband-rahmenteil-v-8000-wf-fuer-innentueren-oe-15-mm","Die Simonswerk VARIANT V Bänder sind nicht nur für den Neubau einsetzbar, sondern auch zur Renovation von Altbau geeignet."
"4375","2018-08-15","internetbasiert","Variant 45-175 von Hanse Haus | Fertighaus.de. Fertighaus.de, 2018-08-15","https://www.fertighaus.de/haeuser/hanse-variant45175/","Seine mehr als 175 m² und der überaus variable Grundriss machen das Variant 45-175 zu einem echten Allround- Talent."
"4376","2020-01-01","internetbasiert","Baugruppen. RMM Metallbearbeitung GmbH, 2020-01-01","https://www.rmm-metallbearbeitung.de/produktpalette/baugruppen/","[...] btn2_text_color=“#ffffff“ btn2_text_hovercolor=“#333333″ title_font_size=“desktop:18px;“ title_line_ht=“desktop:28px;“ btn_border_radius=“2″ btn1_heading_style=“font-weight:700;“ btn2_heading_style=“font-weight:700;“ css_dualbtn_design=“.vc_custom_1581678130098{margin-top: 0px !important;margin-bottom: 0px !important;padding-top: 0px !important;padding-bottom: 0px !important;}“ btn_width=“250″ btn1_font_family=“font_family:Roboto|font_call:Roboto|variant:700″ btn2_font_family=“font_family:Roboto|font_call:Roboto|variant:700″][/vc_column][/vc_row][vc_row equal_height=“yes“ bg_type=“bg_color“ bg_override=“full“ css=“.vc_custom_1572950423405{border-top-width: 50px !important;padding-bottom: 50px !important;}“][vc_column][vc_column_text css=“.vc_custom_1581677490237{margin-top: 30px !important;}“]Mehr als 1.000 m2 Produktionsfläche mit modernstem Maschinenpark und 20 qualifizierten Fachkräften machen uns somit zu einem produktiven und zuverlässigen Partner. [...]"
"4377","2020-02-28","internetbasiert","meine-wiking-welt - Passat Variant V. meine-wiking-welt.eu, 2020-02-28","https://www.meine-wiking-welt.eu/pkw/volkswagen/passat-variant-v/","VW Passat Variant 06301 2000-2004 hellgrünmetallic, IE mit separiertem Lenkrad d ' beige, Innenspiegel Teil der Verglasung, plastische Scheibenwischer, 2 Außenspiegel in Wagenfarbe, Frontscheinwerfer klartransparent + Rückleuchten rottransparent eingesetzt, mit plastische Dachreling schwarz, mit Zughaken silber, schwarzer Kühlergrill mit VW-Logo silber, seitliche Bedruckung der B- und C-Säule schwarz, schwarzer Kühlergrill mit VW-Logo silber, Bodenplatte schwarz, Räder zweiteilig mit Alufelgen + aufgezogenen Reifen, Bodenprägung modernes Wiking-Logo."
"4378","2019-12-09","internetbasiert","rezension „aloha – das hawaii kochbuch“. Surfing The Kitchen, 2019-12-09","https://surfingthekitchen.wordpress.com/2019/12/09/rezension-aloha-das-hawaii-kochbuch/","die bei uns zu lande gerade hippen poke bowls haben ja ihren ursprung in hawaii und ich bin froh, dass dieser trend zu uns übergeschwappt ist. so widmet sich ein ganzes kapitel auch ausschließlich verschiedenster bowl-kreationen inkl. süßen varianten fürs frühstück oder zwischendurch."
"4379","2020-03-17","internetbasiert","Liebesgrüsse und Schmeicheleien. kernoelamazonen.at, 2020-03-17","http://www.kernoelamazonen.at/gastebuch/","[...] Alles Liebe, Nici & Geri irmgard kraxner schrieb am 10. Oktober 2012: das war heute ein gelungener abend im casino mit dem neuen programm „soko kürbis“. lachen ohne ende! danke und alles gute, irmi mit familie manfred - schrieb am 7. Oktober 2012: hallo caro — gudrun — michaela das ist die lustigste variante einen mord zu klären .. kann man diese musik der mordkommision verkaufen? erfolg und nochmals erfolg für euer tolles temperament und energie Caro und Gudrun schrieb am 27. September 2012: Ihr Lieben – das Gästebuch ist geöffnet. [...]"
"4380","2020-04-01","internetbasiert","Amiron wireless copper. beyerdynamic GmbH & Co. KG, 2020-04-01","https://www.beyerdynamic.de/amiron-wireless-copper.html","Solved variant"
"4381","2018-02-20","internetbasiert","Excel VBA – Wie Sie beliebiges Datum in einer Liste finden. Denis Reis, 2018-02-20","https://www.denisreis.com/excel-vba-beliebiges-datum-in-einer-liste-finden/","Sub BeliebigesDatumFinden() Dim rngZelle As Range Dim varTag As Variant Do 'Eingabedialog varTag = Application.InputBox _ (""Bitte Tageszahl des aktuellen Monats eingeben."", _ ""Gesuchtes Datum"", 1, , , , , 1)"
"4382","2020-12-23","internetbasiert","b.1.1.7 – Hysteriebringer oder: Viel Lärm um Nichts. SciFi, 2020-12-23","https://sciencefiles.org/2020/12/23/b-1-1-7-hysteriebringer-oder-viel-larm-um-nichts/","This yields a measure of the transmission fitness of the variant relative to pre-existing strains."
"4383","2020-01-01","internetbasiert","Diesel Abgas Skandal: Volkswagen VW. ATF-Aktionsbund für Transparenz im Finanzwesen e. V., 2020-01-01","https://www.atf-aktionsbund.de/wo-wir-helfen/diesel-abgas-skandal/diesel-abgas-skandal-vw/","· VW Passat (1.4 TSI, 1.6 TDI, 2.0 TDI, 2.0 TDI Variant)"
"4384","2020-12-30","internetbasiert","rosenkohl rezepte vegetarisch fettarm. shambogi.at, 2020-12-30","http://shambogi.at/ztqx1me4/","It's not a surprise that you're going to pay more for a plug-in-hybrid variant of the 2020 Audi A8 or Q5, but you'll also be getting more."
"4385","2019-07-28","internetbasiert","SCHWEINEVOGEL - Glücklicher Montag. Glücklicher Montag, 2019-07-28","https://gluecklicher-montag.de/schweinevogel/","Jenseits No. 9, von Schwarwel – EEE Extrem Erfolgreich Enterprises Vlg., Hamburg, Berlin, Leipzig Okt Schweinevogel “Hölle auf Erden” Doppelausgabe #10/11, Regular Edition, von Bela B. Felsenheimer, Schwarwel – EEE Extrem Erfolgreich Enterprises Vlg., Leipzig Okt Schweinevogel “Hölle auf Erden” Doppelausgabe #10/11, Variant Edition, von Bela B. Felsenheimer, Schwarwel – EEE Extrem Erfolgreich Enterprises Vlg., Leipzig"
"4386","2018-01-01","internetbasiert","Ein Shooter nach Scribblenauts. Videospielkultur.de, 2018-01-01","https://www.videospielkultur.de/news/ein-shooter-nach-scribblenauts/","So werdet ihr die Wahl zwischen den Paladin und den Variant haben."
"4387","2020-07-08","internetbasiert","Skywell Magic TwinPower PCI - Tweakstone's Banshee Asylum. Tweakstone's Banshee Asylum, 2020-07-08","https://3dfx-banshee.de/banshee-cards-overview/skywell-magic-twinpower-pci/","The PCI variant of the Skywell Magic TwinPower comes with black PCB color and an AAVID fan cooling the chip. The fan has to be connected directely to the power supply via molex connector, although there is a fan header on the card's PCB itself."
"4388","2018-04-19","internetbasiert","GSM als globales IoT-Netz – oder besser nicht?. 0800hardware.de, 2018-04-19","http://0800hardware.de/gsm-als-globales-iot-netz-oder-besser-nicht/","Small (45mm x 18mm), robust and powerful board; 3.3V variant of the Nano family."
"4389","2019-04-15","internetbasiert","CAM-Studie: E-Fahrzeuge zeigen im ersten Quartal 2019 eine hohe Dynamik. ecomento.de, 2019-04-15","https://ecomento.de/2019/04/15/cam-studie-elektromobilitaet-q1-2019/","Viel geringere bestellungen der teuren varianten aus europa (ca.40T) und china als von tesla erwartet und aus dem heimatmarkt USA (ca.180T)."
"4390","2018-07-29","internetbasiert","Dursichtiges / weissliches Zahnfleisch am Zahnfleischrand - Denta Beaute. Denta Beaute Zahnarzt Wien, 2018-07-29","https://www.denta-beaute.com/zahnforum/fragen/dursichtiges-weissliches-zahnfleisch-am-zahnfleischrand/","ist normales zahnfleisch, du hast eben so einen morphotypen … es gibt menschen mit zartem, mit groben, mit breiten, dünnen zf varianten …"
"4391","2020-09-12","internetbasiert","Peinture pour piscine Hamburger Lack-Profi peinture pour piscine avec set de peinture (X300) & diluant (1 L) - Offre de 30% de réduction. farbenloewe.de, 2020-09-12","https://farbenloewe.fr/products/hamburger-lack-profi-schwimmbeckenfarbe-poolfarbe-mit-lackierset-x300-verdunnung-1-l-30-sparangebot","Veuillez noter qu'avec la variante ""Subsurface : GRP / Polyester"", vous recevrez une peinture à 2 composants de haute qualité (rapport de mélange 5:1 (composant A : composant B))."
"4392","2020-08-12","internetbasiert","Achsschenkel links vorne VW Golf VI Variant (AJ5) 1.6 TDI 77 kW 105 PS (07.2009-07.2013) | 112184. Kempers.de, 2020-08-12","https://www.kempers.de/achsschenkel-links-vorne-vw-golf-vi-variant-aj5-1k0407255p/112184","Model: Golf VI Variant (AJ5)"
"4393","2019-12-16","internetbasiert","Beste Spielautomat Android Spiel – Die besten casino bonus angebote. digital-agentur.tech, 2019-12-16","https://digital-agentur.tech/beste-spielautomat-android-spiel-die-besten-casino-bonus-angebote/","Casino spiele varianten aber nur monetär und nicht im realen Ressourcenverbrauch, wie zum Beispiel Starburst."
"4394","2020-08-01","internetbasiert","KFZ-Steuer VW Passat. repareo.de, 2020-08-01","https://www.repareo.de/kfz-steuer-vw-passat/","KFZ-Steuer VW Passat Variant 1.4 TSI"
"4395","2019-02-19","internetbasiert","Alfa Spider 2000 - H-Werkstatt. H-Werkstatt, 2019-02-19","https://www.h-werkstatt.de/beispiele/restaurierte-fahrzeuge/alfa-spider-2000/","Das ist bereits das zweite Exemplar, das erste Exemplar (um 1985) raffte die Korrosion und viele Sünden der unkundige Vorbesitzer dahin und es war zum damaligen Zeitpunkt mit Hausrenovierung etc. als Transportfahrzeug denkbar ungeeignet und musste einem Passat Variant weichen."
"4396","2019-12-18","internetbasiert","HTC wird noch mehr Mitarbeiter entlassen. Caschysblog, 2019-12-18","https://stadt-bremerhaven.de/htc-wird-noch-mehr-mitarbeiter-entlassen/","Bisher war es immer so, dass die Mini varianten auch ansonsten in der Leistung massiv abgespeckt wurden."
"4397","2018-09-14","internetbasiert","peru ׀ puno ׀ bezauberndes und fragwürdiges im und um den titicaca-see • fernwaerts-blog.de. fernwaerts-blog.de, 2018-09-14","https://fernwaerts-blog.de/neues/peru-bezauberndes-und-fragwuerdiges-im-und-um-den-titicaca-see/","[...] 180 grad gedrehten karte an, erkennt man, wenn man gewillt ist, den umriss einer wildkatze. 55% des sees gehören zu peru, der kleinere teil zu bolivien. die tiefste stelle misst 284 meter. dass der see der höchste befahrbare see der welt ist, hatte ich schon erwähnt. für die inkas hat der see eine ganz besondere bedeutung. gemäß einer ihrer legenden stieg der gott virachocha aus seinen fluten, um die sonne, den mond, die sterne und ultimativ die ganze zivilisation der inka zu erschaffen. eine von mehreren varianten. [...]"
"4398","2018-03-02","internetbasiert","VMware erweitert IoT-Strategie. 0800hardware.de, 2018-03-02","http://0800hardware.de/vmware-erweitert-iot-strategie/","Small (45mm x 18mm), robust and powerful board; 3.3V variant of the Nano family."
"4399","2020-09-16","internetbasiert","C Sharp Buch - BMU Verlag. BMU Verlag - Bücher zum Thema Informatik und Programmieren lernen, 2020-09-16","https://bmu-verlag.de/c-sharp-buch/","Meine Paperback variante war zwar etwas ""Wellig"", nachdem sie eine Nacht im feuchten Postfach gelegen hatte, diese Wellen s ind jedoch bald wieder verschwunden."
"4400","2020-01-01","internetbasiert","2019_NAC_Winter_Ori. frankschaefer.info, 2020-01-01","https://www.frankschaefer.info/start/veranstaltungsberichte/2019-2/2019_nac_winter_ori/","Rallyefahrzeug ist auch traditionell DO-SE 10, allerdings ist DOSE kein Ford Mondeo mehr, sondern mutierte zum Passat Variant 35i."
"4401","2020-04-01","internetbasiert","Gewinnen Mit Slotmaschinen | Beliebtesten online casino. status-verlag.de, 2020-04-01","https://status-verlag.de/gewinnen-mit-slotmaschinen-beliebtesten-online-casino/","Casino spielen auf handy afhankelijk van de variant die je speelt heeft Keno roosters van 70 nummers of 80 nummers, und zwar nicht nur im Traum."
"4402","2019-02-15","internetbasiert","Tesla Model 3 wird an erste deutsche Käufer übergeben. ecomento.de, 2019-02-15","https://ecomento.de/2019/02/15/tesla-model-3-auslieferung-deutschland/","Aus diesem grund haben auch nur die tesla-fans bestellt und von denen auch nur die , die sich die bestellbaren varianten (ab 56.000€) leisten können."
"4403","2020-01-01","internetbasiert","Ifor Williams Heckkipper TT 3621 198x368cm 3,5t|E-Pumpe. Koch Anhängerwerke, 2020-01-01","https://www.kochanhaengerwerke.de/kipper/rueckwaertskipper/ifor-williams-heckkipper-tt-3621-198x368cm-3-5t-e-pumpe","Variant Heckkipper Variant 168x320cm 2,7t | E-Pumpe | Rampen | Gitter | Aktion"
"4404","2019-12-22","internetbasiert","Tipps Archive - fullAccess. Fullaccess, 2019-12-22","https://www.fullaccess.de/access/tipps","Verwenden Sie in diesem Fall einfach die folgende SuchenUndErsetzen-Funktion: Function SuchenUndErsetzen(ByVal Text As Variant, _ Suchen As Variant, Ersetzen As Variant) Dim x As Integer Dim p As […]"
"4405","2020-01-01","internetbasiert","VW Passat Variant: Vereint Innovation & Komfort. Volkswagen Österreich, 2020-01-01","https://www.volkswagen.at/service-zubehoer/vorgaengermodelle/passat-variant","Eine breite Palette sportlicher und eleganter Leichtmetallräder hebt das attraktive Design des Passat Variant hervor."
"4406","2018-11-11","internetbasiert","Kraftsuppe - Gesundes-Essen.bio. Gesundes-Essen.bio, 2018-11-11","https://gesundes-essen.bio/2018/11/11/kraftsuppe/","Variante B für Vegetarier: (Variant B for vegetarians) Kartoffelwasser, Porree, Kurkuma, Möhren, Olivenöl, Tiefensalz, gestossener Pfeffer, Hühnerei (Adding Potato water, leek, turmeric, carrots, olive oil, deep salt, crushed pepper, chicken egg)"
"4407","2019-06-17","internetbasiert","Service-Umsätze ziehen an Hardware-Verkäufen vorbei: IoT-Ausgaben steigen auf über eine Billion Dollar. 0800hardware.de, 2019-06-17","http://0800hardware.de/service-umsaetze-ziehen-an-hardware-verkaeufen-vorbei-iot-ausgaben-steigen-auf-ueber-eine-billion-dollar/","Small (45mm x 18mm), robust and powerful board; 3.3V variant of the Nano family."
"4408","2020-06-08","internetbasiert","Xbox Series X: Lockhart-Modell im Quellcode von Windows entdeckt. play3.de – PS5 & PS4 News – Tests, Vorschauen, Videos, 2020-06-08","https://www.play3.de/2020/06/08/xbox-series-x-lockhart-modell-im-quellcode-von-windows-entdeckt/","Soweit mir bekannt ist, gibt es zwei Slim varianten, die eine mit und eine ohne Laufwerk."
"4409","2020-01-01","internetbasiert","Entdecken Sie den VW Passat Variant im Volkswagen Zentrum Pillenstein an der Stadtgrenze Nürnberg/Fürth. ✅Neu- und ✅Gebrauchtwagen ✅kaufen / ✅leasen. Jetzt Probefahrt vereinbaren!. https://www.pillenstein.de/, 2020-01-01","https://www.pillenstein.de/autos/vw-pkw/neuwagen/passat-variant/","Profitieren Sie vom technologischen Fortschritt, Ihr Passat Variant hält auf Wunsch eine Menge davon für Sie bereit:"
"4410","2020-01-01","internetbasiert","32-210. isover.ch, 2020-01-01","https://www.isover.ch/de/solutions/32-210","[...] Description Unité 1 Unité 2 Variant 1 Variant 2 Variant 3 Variant 4 Variant 5 Variant 6 Zementestrich d [mm] 70 70 100 100 ISOCALOR d [mm] 32 43 32 43 Wärmeschutz im Winter Wärmedurchgangskoeffizient U [W/(m2 K)] 0.86 0.68 0.86 0.68 Wärmeschutz im Sommer Wärmespeicherfähigkeit (mit Rsi) κi,oben [Wh/m2 K)] 13 13 13 13 Wärmespeicherfähigkeit (mit Rsi) κi,unten [Wh/m2 K)] 19 19 19 19 Schalldämmung Bewertetes Schalldämm-Mass Rw [dB] 62 62 62 62 Spektrum-Anpassungswerte (C;Ctr) [...]"
"4411","2020-11-16","internetbasiert","VWs Elektro-Kombi kommt erst 2023, dafür mit 700 Kilometer Reichweite. ecomento.de, 2020-11-16","https://ecomento.de/2020/11/16/vw-elektroauto-kombi-aero-b-space-vizzion-2023-700-kilometer-reichweite/","(golf variant, oktavia variant, A4 variant)."
"4412","2020-01-01","internetbasiert","Thermostat 87°C inkl. Dichtung VW Golf Bora Polo Passat u.a.. Bus-Scheune.de, Ersatzteile fuer VW Bus T3 VW Bus T4 guenstig kaufen., 2020-01-01","https://www.bus-scheune.de/weitere-VW-Classic-Modelle/Golf-II/Heizung-Kuehlung/Thermostat-87-GRAD-C-inkl-Dichtung-VW-Golf-Bora-Polo-Passat-u-a::49364.html","[...] 1.9 D TDI SDI 11/95-01/04 VW CADDY II Pick-up (9U7) 1.9 D 06/96-12/00 VW GOLF II (19E, 1G1) 1.0 1.3 1.6 1.8 D TD GTI 08/83-12/92 VW GOLF III (1H1) 1.6 1.8 1.9 2.0 D TDI GTI 11/91-08/97 VW GOLF III Cabriolet (1E7) 1.6 1.8 1.9 2.0 TDI 10/93-05/98 VW GOLF III Variant (1H5) 1.6 1.8 1.9 2.0 D TD TDI 07/93-04/99 VW GOLF IV (1J1) 2.3 V5 08/97-10/00 VW JETTA II (19E, 1G2) 1.3 1.6 1.8 D TD 16V 01/84-12/91 VW LUPO (6X1, 6E1) 1.2 1.4 1.7 TDI SDI 3L 09/98-07/05 VW NEW BEETLE (9C1, 1C1) 1.9 TDI 01/98-06/04 VW PASSAT (32) 1.5 1.6 D 05/73-07/80 VW PASSAT (32B) 1.6 1.8 D TD 08/80-03/88 VW PASSAT (3A2, 35I) 1.6 1.8 1.9 2.0 D TD TDI 02/88-08/96 VW PASSAT (3B2/3) 1.9 2.3 TDI VR5 10/96-05/05 VW PASSAT Variant (33) 1.5 1.6 i D 10/73-07/80 VW PASSAT Variant (3A5, 35I) 1.6 1.8 1.9 [...]"
"4413","2018-05-31","internetbasiert","VW Passat Variant: Den neuen Volkswagen bewundern. Auto-Kombi, 2018-05-31","https://www.kombi.de/vw-passat-variant/","Der Variant galt als besonders formschön, zuverlässig und praktisch, was auch die aktuellen Passat-Modelle kennzeichnen soll."
"4414","2020-01-01","internetbasiert","Matador MPS 400 Variant All Weather 2 195/65 R16 104 T. Autoreifenfinder, 2020-01-01","https://www.autoreifenfinder.ch/matador/mps-400-variant-all-weather-2/195-65-r16-104t-149432/","Der Matador MPS 400 Variant All Weather 2 ist ein Ganzjahresreifen für LKW."
"4415","2020-03-30","internetbasiert","""Falsche Polizisten"" kassieren Verwarnungsgeld beim Grenzübertritt nach Luxemburg. lokalo.de, 2020-03-30","http://lokalo.de/artikel/191865/falsche-polizisten-kassieren-verwarnungsgeld-beim-grenzuebertritt-nach-luxemburg/","UND DIESE TATEN KÖNNEN IN VIELEN BEREICHEN UND VARIANTEN AUFTRETEN."
"4416","2020-02-06","internetbasiert","schnittmuster. FLOKIS JAKKA | CARDIGAN. Schwalbenliebe, 2020-02-06","https://www.schwalbenliebe.com/products/cardigan-flokis-jakka","Damenschnitt varianten."
"4417","2020-01-01","internetbasiert","12-700. isover.ch, 2020-01-01","https://www.isover.ch/de/solutions/12-700","Description Unité 1 Unité 2 Variant 1 Variant 2 Variant 3 Variant 4 Variant 5 Variant 6 ISOTHERM 034 d [mm] 80 100 120 140 160 200 ISOTHERM 034 d [mm] 80 100 120 120 160 200 Wärmeschutz im Winter und Sommer * ** ** *** *** **** Wärmedurchgangskoeffizient:"
"4418","2019-12-27","internetbasiert","VW Golf VII Variant zu verkaufen. autorevue.at, 2019-12-27","https://autorevue.at/marktplatz/vw-golf-vii-variant","Marke: VW Modell: Golf VII Variant Kilometer: 92.600 km Leistung: 110 PS Treibstoff:"
"4419","2020-08-03","internetbasiert","Variant 3521 TB | 414x210cm - 3,5t | Dreiseitenkipper-Anhänger mit Blattfederung. PKW-Anhänger kaufen bei P+P Anhängercenter | Wohnmobil Vermietung & Anhängervermietung, 2020-08-03","http://www.ppanhaengercenter.com/store/p732/Variant-3521TB-Dreiseitenkipper-Blattfederung-Anhaenger.html","Variant 3521 TB | 414x210cm - 3,5t | Dreiseitenkipper - Blattfederung"
"4420","2020-04-27","internetbasiert","VW EU-Neuwagen in Landshut günstig kaufen | Lieferservice Landshut. Copyright 2020 www.audaris.de, 2020-04-27","https://www.auto-korn.de/landshut/vw/vw-neuwagen/","Während Jetta und Golf Variant noch zu den Kompakten zählen, ist der Passat ein weiterer Klassiker, der bereits aus den 1970er Jahren bekannt ist."
"4421","2018-09-10","internetbasiert","34. Tour de Nostalgie 2018 in Trittau – Rückblick. OST-Blog, 2018-09-10","http://ost-blog.passat32.de/2018/09/10/34-tour-de-nostalgie-2018-in-trittau-rueckblick/","Hier stand auch schon der ADAC Passat Variant von Heinz Krock."
"4422","2019-12-09","internetbasiert","Skoda Superb Combi Test mit Fotos und Expertenmeinung.. carwow.de, 2019-12-09","https://www.carwow.de/skoda/superb-combi","Dennoch schafft es der Superb Combi sich, trotz zahlreicher Gleichteile, mit vielen klugen Lösungen von einem Passat Variant abzuheben."
"4423","2020-01-01","internetbasiert","Ifor Williams Heckkipper TT 3621 198x368cm 3,5t|E-Pumpe. Koch Anhängerwerke, 2020-01-01","https://www.kochanhaengerwerke.de/kipper/rueckwaertskipper/ifor-williams-heckkipper-tt-3621-198x368cm-3-5t-e-pumpe","Variant Heckkipper Variant 168x320cm 2,7t | E-Pumpe | Rampen | Aktion"
"4424","2019-08-02","internetbasiert","Italiener-Radweg: Stadt Lienz favorisiert „Variante 1“. Dolomitenstadt, 2019-08-02","https://www.dolomitenstadt.at/2019/08/02/italiener-radweg-stadt-lienz-favorisiert-variante-1/","[...] es ist schon verwunderlich, wie wenige hier im forum in diesem fall sachlich bleiben, die meisten schweben mit politischer und eigennutziger motivation. le corbusier, vielleicht hast du mit deiner variante 6 tatsächlich recht. vielleicht fällt noch jemanden ernsthaft ein, man könnte ja in leisach einen wendekreis mit zustiegs- und güterbahnhof für die italos zur rückfahrt errichten. mal ehrlich gesagt, ist die angelegenheit mit den radgästen tatsächlich so ein grosses problem? seien wir doch froh, dass sie kommen und lienz erleben wollen. im gegenzug dazu verschickt der tvb die radler ja ohnehin mit eu-mittel in den süden, wie man kürzlich lesen konnte. [...]"
"4425","2020-07-13","internetbasiert","Ihre Rechte als Autokäufer | Dr. Stoll & Sauer - VW Schadensersatz. Entschädigung für VW Diesel - Ihre Rechte | Dr. Stoll & Sauer, 2020-07-13","https://www.vw-schaden.de/rechte-der-autokaeufer","VW Golf VI (GTD, 1.6 TDI, 1.6 TDI BlueMotion,1.6 TDI BlueMotion Technology, 2.0 TDI) (Variant, Cabriolet, Golf Plus)"
"4426","2018-05-25","internetbasiert","Idaho. flaggenlexikon.de, 2018-05-25","https://flaggenlexikon.de/fusidaho.htm","The website of the State of Idaho shows the following variant:"
"4427","2020-08-12","internetbasiert","Rückleuchte innen rechts VW Passat B8 Variant (3G) 2.0 TDI 110 kW 150 PS (11.2014-> ) | 101676. Kempers.de, 2020-08-12","https://www.kempers.de/rueckleuchte-innen-rechts-vw-passat-b8-variant-3g-3g9945094g/101676","Model: Passat B8 Variant (3G)"
"4428","2020-07-22","internetbasiert","Halogentrafo haut die Sicherung raus, was tun ??? Ersatzteilversand. forum.electronicwerkstatt.de, 2020-07-22","https://forum.electronicwerkstatt.de/phpBB/Elektroinstallation/halogentrafo_haut_die_sicherung_raus_was_tun-t29204f17_bs0.html","wie heißt diese reflektorlose GU9 variante eigentlich?"
"4429","2019-02-01","internetbasiert","1&1 GMX.de All-Net 2 GB LTE mit 100 Frei-Minuten: 6,99 € mtl.. Handyhase.de, 2019-02-01","https://www.handyhase.de/1und1-gmx-handy-tarif/","Die variante im Vodafone-Netz von freeSMART ist aktuell die bessere Wahl."
"4430","2020-02-15","internetbasiert","Termin Archiv. trionova.de, 2020-02-15","https://trionova.de/terminarchiv","und wieder mal eine variante: heute mit drei gitarren. neben drazen zalac heute auch trionovagitarrist gert neumann als gast im steinbruch."
"4431","2019-06-24","internetbasiert","FS237 Nicht genug Eierstöcke im Team. Freak Show, 2019-06-24","https://freakshow.fm/fs237-nicht-genug-eierstoecke-im-team","[...] Reden wir reden wir über,und zwar was jetzt möglich ist dass dieser notizen dazu nicht aber ich habe mir auch den vortrag dazu angeschaut du kannst jetzt lesen und schreiben,mit entsprechenden text die das ermöglichen und zwar tage sie generell halt diesen erfolg die äh standard dessen abkürzung ich jetzt gerade nicht am,im kopf habe da gibt 's auf jeden fall ein den müssen wir nochmal nachschlagenund sie haben aber auch support für so diese ganzen klassischen sachen also my fair,in verschiedenen varianten nicht in der unsicheren classic variante sondern in unsicheren neuere version und äh wie die anderen auch gleich was jetzt grad nicht so ganz genau. [...]"
"4432","2020-10-05","internetbasiert","Bodenarbeitsseil Dünn - Prices from 51.60 to 58.75. Bataliru, 2020-10-05","https://bataliru.de/products/bodenarbeitsseil-dunn-prices-from-51-60-to-58-75","[...] Variant for price 51.6 Variant for price 52 Variant for price 52.1 Variant for price 52.2 Variant for price 52.45 Variant for price 52.55 Variant for price 52.65 Variant for price 53.05 Variant for price 53.15 Variant for price 53.25 Variant for price 53.5 Variant for price 53.6 Variant for price 53.7 Variant for price 54.1 Variant for price 54.2 Variant for price 54.55 Variant for price 54.65 Variant for price 54.75 Variant for price 55.15 Variant for price 55.25 Variant for price 55.6 Variant for price 55.7 Variant for price 56.2 Variant for price 56.65 Variant for price 56.75 Variant for price 57.25 Variant for price 57.7 Variant for price 58.75 In den Einkaufswagen legen Teilen Auf Facebook teilen Twittern Auf Twitter twittern Pinnen Auf Pinterest pinnen Teilen Auf Facebook teilen Twittern Auf Twitter twittern Pinnen Auf Pinterest pinnen [...]"
"4433","2019-03-24","internetbasiert","Programmier Tutorial: Apps für Android entwickeln – Teil 14: Mit Debugging Programmfehler im Quellcode finden. Mit Debugging Programmfehler im Quellcode finden in Android Studio, 2019-03-24","https://www.programmierenlernenhq.de/tutorial-android-debugging-mit-android-studio/","Damit an unsere App Debugging durchgeführt werden kann, muss als Build Variant der Eintrag debug ausgewählt werden."
"4434","2020-10-18","internetbasiert","Viren, Panikmache, Macht-Mißbrauch – die zweite Corona-Welle. Conservo, 2020-10-18","https://conservo.wordpress.com/2020/10/18/viren-panikmache-macht-missbrauch-die-zweite-corona-welle/","„The G614 variant may be more infectious, but not any deadlier than D614“"
"4435","2020-09-14","internetbasiert","HTTP Status Code 506 Variant Also Negotiates. HTTP Status Codes erklärt!, 2020-09-14","https://http-status-code.de/506/","Der 506 Variant Also Negotiates HTTP Status Code zeigt an, dass der Server einen internen Konfigurationsfehler aufweist:"
"4436","2020-10-22","internetbasiert","LINDA HALLBERG - MY BEAUTY LIGHT. MY BEAUTY LIGHT, 2020-10-22","https://my-beauty-light.de/ritterschlag-von-make-up-pro-linda-hallberg","This variant has four fluorescent lamps that together forms a frame for absolutely amazing light!"
"4437","2018-03-28","internetbasiert","Wie das IoT die Logistik revolutioniert. 0800hardware.de, 2018-03-28","http://0800hardware.de/wie-das-iot-die-logistik-revolutioniert/","Small (45mm x 18mm), robust and powerful board; 3.3V variant of the Nano family."
"4438","2019-05-22","internetbasiert","IoT-Dienstleister ROBIOTIC GmbH spendet 1.380 € an Schülerhilfsprojekt Nepal AG. IoT-Dienstleister ROBIOTIC GmbH spendet 1.380 € an Schülerhilfsprojekt Nepal AG, 2019-05-22","http://0800hardware.de/iot-dienstleister-robiotic-gmbh-spendet-1-380-e-an-schuelerhilfsprojekt-nepal-ag/","Small (45mm x 18mm), robust and powerful board; 3.3V variant of the Nano family."
"4439","2020-07-01","internetbasiert","Klassische Häuser von unseren Hausanbietern. hausbau-portal.net 2020 - Alle Rechte reserviert!, 2020-07-01","https://www.hausbau-portal.net/nc/haeuser-musterhaeuser-hausbau/klassischehaeuser.html","Variant 35-235"
"4440","2019-09-10","internetbasiert","Ich hab jetzt die Antwort auf eine der wichtigsten Fragen. OST-Blog, 2019-09-10","http://ost-blog.passat32.de/2019/09/10/ich-hab-jetzt-die-antwort-auf-eine-der-wichtigsten-fragen/","WARUM gab es den Deckel denn nur beim Variant?"
"4441","2020-02-02","internetbasiert","temp. nutrition-zh.ch, 2020-02-02","https://nutrition-zh.ch/temp/","[...]ultimate_heading main_heading=“Termine bequem online buchen“ alignment=“center“ spacer=“no_spacer“ spacer_position=“top“ spacer_img_width=“48″ line_style=“solid“ line_height=“1″ line_color=“#333333″ icon_type=“selector“ icon_size=“32″ icon_style=“none“ icon_color_border=“#333333″ icon_border_size=“1″ icon_border_radius=“500″ icon_border_spacing=“50″ img_width=“48″ line_icon_fixer=“10″ main_heading_font_family=“font_family:Open Sans|font_call:Open+Sans|variant:300″ main_heading_style=“font-weight:300;“] [...]"
"4442","2020-09-21","internetbasiert","Jetzt bestellbar: Der neue VW Golf Variant. Autohaus Stoppanski, 2020-09-21","https://www.stoppanski.de/news/golf-variant-bestellbar/","Zusätzlich sind innovative TDI-Motoren für den Golf Variant verfügbar:"
"4443","2020-01-01","internetbasiert","Alpine X901D-G6 - Advanced Navi Station, Alpine Style für Volkswagen Golf VI Autoradio & Navigation Fahrzeugspezifische Geräte Alpine Style + Freestyle. soundstudio-seidel.de, 2020-01-01","https://www.soundstudio-seidel.de/alpine-x901d-g6-advanced-navi-station-alpine-style-fuer-volkswagen-golf-vi/a-33589/","(Variant)"
"4444","2020-01-01","internetbasiert","24-300. isover.ch, 2020-01-01","https://www.isover.ch/de/solutions/24-300","Description Unité 1 Unité 2 Variant 1 Variant 2 Variant 3 Variant 4 Variant 5 Variant 6 PB M 030 d [mm] 60 60 60 60 60 60 ISOCONFORT 032 PR d [mm] 120 140 160 180 200 240 ISOCOMPACT 034 d [mm] 60 60 60 60 60 60 Wärmeschutz im Winter und Sommer *** *** *** *** *** **** Wärmedurchgangskoeffizient:"
"4445","2020-06-01","internetbasiert","VW Passat Variant Business TDI DSG ACC LED Navi SHZ. autovisits.de, 2020-06-01","https://www.autovisits.de/autos/vw/passat/detail_5727728/","[...] Pickup Sportwagen Transporter - klein Van Großraum Van Kompakt Van Mini Alfa Romeo Aston Martin Audi Austin Morris Austin Rover Bentley BMW Cadillac Chevrolet Chrysler Citroen Daewoo Daihatsu Dodge Ferrari Fiat Ford GMC Honda Hyundai Isuzu IVECO Jaguar Jeep Kia AutoVisits › Autos › VW › Passat VW Passat Variant Business TDI DSG ACC LED Navi SHZ + - Preis 28.479 € Standort 94099 Ruhstorf Bauart Kombi Fahrzeugzustand Gebraucht Baujahr 2021 Treibstoffart Diesel Kilometerstand 37362 km TÜV Zulassung Kein TÜV Zurück zu den Ergebnissen Weitere Informationen und Kontakt Weitere ähnliche VW Passat Fahrzeugangebote Gebrauchtwagen und Neuwagen 20 Ergebnisse VW Passat Variant 16 Comfortline.. [...]"
"4446","2018-05-31","internetbasiert","VW Golf Variant: Zuverlässigkeit und Erfolg seit 1993. Auto-Kombi, 2018-05-31","https://www.kombi.de/vw-golf-variant/","Für den Golf 7 Variant werden neben den vier Aggregaten aus dem Segment der Benzinmotoren auch fünf verschiedene Dieselmotoren angeboten."
"4447","2019-08-06","internetbasiert","Microsoft: Russische Hacker nutzen IoT, um Firmen zu attackieren. 0800hardware.de, 2019-08-06","http://0800hardware.de/microsoft-russische-hacker-nutzen-iot-um-firmen-zu-attackieren/","The ease of use of a Nano board with the addition of secure IoT and BT connectivity Small (45mm x 18mm), robust and powerful board; 3.3V variant of the Nano family."
"4448","2020-01-01","internetbasiert","Vezeko Absenkanhänger 172x302cm 1,5t|absenkbar|100km/h|Vezeko. Koch Anhängerwerke, 2020-01-01","https://www.kochanhaengerwerke.de/fuer-fahrzeuge/smart-anhaenger/vezeko-absenkanhaenger-172x302cm-1-5t-absenkbar-100km/h-vezeko","Variant Hochlader Anhänger P3 2018 Comfort | 175x315cm 2,0t"
"4449","2019-07-02","internetbasiert","Teilnehmer*in Traineeprogramm Forschung und Entwicklung ioT und Machine Learning. 0800hardware.de, 2019-07-02","http://0800hardware.de/teilnehmerin-traineeprogramm-forschung-und-entwicklung-iot-und-machine-learning/","The ease of use of a Nano board with the addition of secure IoT and BT connectivity Small (45mm x 18mm), robust and powerful board; 3.3V variant of the Nano family."
"4450","2019-05-05","internetbasiert","Golf 5. VW Golf - Doppel-WOBber, 2019-05-05","https://www.doppel-wobber.de/community/index.php","Golf 5 Variant Bremsenproblem 2"
"4451","2018-10-10","internetbasiert","Razorock German 37 Slant Razor. soulobjects.de, 2018-10-10","https://soulobjects.de/products/razorock-german-37-slant-razor","This variant is currently sold out."
"4452","2020-01-01","internetbasiert","sea alto chrom F. blowout.de, 2020-01-01","https://www.blowout.de/sea-alto-chrom-f.html","Variante: sea alto chrom F"
"4453","2019-11-05","internetbasiert","VW Golf 8: Test, Verbrauch, Bilder, Daten, Motoren. ADAC, 2019-11-05","https://www.adac.de/rund-ums-fahrzeug/autokatalog/marken-modelle/vw/vw-golf/","Hier finden Sie weitere Infos zum VW Golf Variant."
"4454","2020-01-01","internetbasiert","Sensor, Ansauglufttemperatur. BERU Zündungsteile | BERU – Ihr Experte für Zündungstechnik, 2020-01-01","https://www.beruparts.de/find-my-part/9736955/beru-by-driv/sensoren/sensor--ansauglufttemperatur/st004.pd.html","Marke Typ Motor Aktion {{fitment.make}} {{fitment.variant}} {{fitment.engine_display}} Siehe Anwendung"
"4455","2019-04-04","internetbasiert","Yu-Gi-Oh! Duel Power – erschienen!. FUNtainment Berlin Webseite!, 2019-04-04","https://www.funtainmentberlin.store/2019/04/04/yu-gi-oh-duel-power-erschienen/","Yu-Gi-Oh! Yu-Gi-Oh! TRADING CARD GAME Duel Power wird im Frühling 2019 mit einem neuen Ultra Rare Booster Set mit 100 Karten (einschließlich 40 brandneue Karten) zusammen mit neuem Ultra Rare Variant Design aller Yu-Gi-Oh! Anime-Serien Top-Monster (von Dunkler Magier bis Dekodier-Sprecher) groß gefeiert."
"4456","2020-11-19","internetbasiert","Abstimmungen und noch offene Anträge zum GSP - Grüne Linke. Grüne Linke, 2020-11-19","https://gruene-linke.de/2020/11/19/abstimmungen-und-noch-offene-antraege-zum-gsp/","Variante 3 Baukje Dobberstein et al (293)"
"4457","2020-01-01","internetbasiert","Freeclimbing in San Bartolomeo. Infoelba - Informazioni sull'Isola d'Elba, 2020-01-01","https://www.infoelba.net/sport-und-freizeit/sport-an-land/freeclimbing/san-bartolomeo/","1. Spigolo all’ombra 5c 2. Olympus L1 5a L2 6b L3 6c 3. Variante ascari 7c 4. Via del geco spaventato L1 6b L2 6c 5. Mediterranea L1 6b L2 7a L3 6c 6. Tintura ridicola L1 5c L2 6a L3 A1 7. Spigolo al sole 6b 8. Spigolo al sole di destra 6b"
"4458","2020-03-17","internetbasiert","Schwarwel Gevatter #2 „Kapitel Zwei: Zorn“ (Variant, Digital-PDF) - Glücklicher Montag Shop. Glücklicher Montag Shop, 2020-03-17","https://gluecklicher-montag-shop.de/produkt/schwarwel-gevatter-2-kapitel-zwei-zorn-variant-digital/","Das auf 100 Stück limitierte Variant Cover erschuf Ingo Römling (Malcolm Max, Star Wars)."
"4459","2020-05-07","internetbasiert","B80-Scheveninger Variante. schach-dreier.de, 2020-05-07","https://www.schach-dreier.de/Schachbuecher/Datentraeger/Eroeffnungen/B20-Sizilianisch/B80-Scheveninger-Variante","[...] Sa 10:00 Uhr bis 13.30 Uhr Information! Ab DO. 07.05.2020 haben wir wieder zu unseren üblichen Geschäftszeiten offen Drucken Categories Schachbücher/Datenträger Eröffnungen B20-Sizilianisch B80-Scheveninger Variante B80-Scheveninger Variante Kategorien Neuheiten (357) Sonderangebote (190) Modernes Antiquariat / Antiquariat (1009) Ramschkiste / 0 - 3 € (190) Schachbücher/Datenträger (1160) Eröffnungen (405) SOS (1) Repertoires (92) A00-Sokolski (5) A01-Larsen-Eröffnung (1) A02-Bird-Eröffnung (1) A07-Königsindischer Angriff (2) A09 Reti-Eröffnung (2) A15-Englisch (9) A16-Englische Eröffnung (5) A45-Trompowski-Angriff (12) A48-Königsindischer Aufbau (11) A51-Budapest Gambit (3) A53-Alt Indisch (2) A57-Wolga-Benkö Gambit (4) A60-Modern Benoni (5) A80-Holländisch (13) B01-Skandinavisch (9) B02-Aljechin-Verteidigung (6) B06-Modern Defence (5) B07-Pirc-Ufimzew (10) B10-Caro-Kann (11) B20-Sizilianisch (62) B29-Nimzowitsch-Rubinstein-Variante (1) B33-Lasker/Sweshnikow (1) B60-Richter/Rauser-Angriff (1) B70-Drachenvariante (1) B21- Sizilianisch Morra-Gambit (4) B70-Sizilianisch (Drachenvariante) [...]"
"4460","2018-11-23","internetbasiert","Fototische. studiotische.de, 2018-11-23","https://www.studiotische.de/Fototische","Der „Variant MAXI“ vereint alle Vorteile des Photostar „Variant“ mit einer ca. 80% tieferen Arbeitsfläche, die sowohl vertikal als auch horizontal zum Einsatz kommen kann und damit die perfekte Lösung für Aufnahmen größerer Objekte darstellt."
"4461","2020-08-03","internetbasiert","Variant 2717 T3 | 320x168cm - 2,7t | Rückwärtskipper - Hochplane. PKW-Anhänger kaufen bei P+P Anhängercenter | Wohnmobil Vermietung & Anhängervermietung, 2020-08-03","http://www.ppanhaengercenter.com/store/p909/Variant-2717-T3-320-x-168-cm.html","Hersteller: Variant"
"4462","2020-01-01","internetbasiert","Temared Baumaschinenanhänger Builder 152x300cm 2,7t|Rampe|neu. Koch Anhängerwerke, 2020-01-01","https://www.kochanhaengerwerke.de/baumaschinen/baumaschinen-anhaenger/temared-baumaschinenanhaenger-builder-152x300cm-2-7t-rampe-neu","Variant Heckkipper Variant 168x320cm 2,7t | E-Pumpe | Rampen | Aktion"
"4463","2020-06-06","internetbasiert","Der VW Passat für die grünen Momente - Gießener Anzeiger. GieÃener Anzeiger, 2020-06-06","https://www.giessener-anzeiger.de/ratgeber/auto-und-motorrad/autotests/volkswagen/der-vw-passat-fur-die-grunen-momente_21770500","Auch wenn große Familienkombis auf der Wunschliste nicht mehr ganz oben stehen aufgrund des SUV-Booms: Der Passat ist als Variant mit knapp 4,90 Meter Länge eine stattliche Erscheinung."
"4464","2019-12-09","internetbasiert","Ford Focus ST Turnier Test mit Fotos und Expertenmeinung.. carwow.de, 2019-12-09","https://www.carwow.de/ford/focus-st-turnier","Damit hat er ähnlich viel Platz wie der Astra Sports Tourer (540 bis 1.630 Liter) und der Golf Variant (605 bis 1.605 Liter)."
"4465","2019-03-26","internetbasiert","Zu wenig Akkus? Audi fährt Produktion des e-tron nur langsam hoch. ecomento.de, 2019-03-26","https://ecomento.de/2019/03/26/audi-elektroauto-e-tron-produktionsprobleme-batterieengpass/","Ist ein 80k+ Auto, kein Golf Variant."
"4466","2019-10-01","internetbasiert","inkludierte Tests im CatCheck - FERAGEN. FERAGEN GmbH, 2019-10-01","https://feragen.at/catcheck/inkludierte-tests-im-catcheck/","N Niemann-Pick-C1-Erkrankung, Variante 1"
"4467","2018-11-06","internetbasiert","Samsung Galaxy S10 – Exynos 9820 Prozessor soll auch AI-Kerne setzen. Testberichte, News, Tablets & Smartphones, 2018-11-06","https://www.appdated.de/2018/11/samsung-galaxy-s10-samsung-spricht-offiziell-von-einem-differentiated-design/","The Galaxy S10 Plus is said to sport three cameras on its back, while the small Galaxy S10 variant will stick to one rear-facing camera.Allerdings erinnert das kleinere Modell dann doch frappierend an ein Galaxy S10 mini oder lite, so dass es durchaus sein kann, dass möglicherweise doch nur zwei Topmodelle kommen und dazu ein (eventuell auch nur für den asiatischen Markt gedachte) technisch abgespeckte Version."
"4468","2020-10-05","internetbasiert","Bodenarbeitsseil Dünn - Prices from 51.60 to 58.75. Bataliru, 2020-10-05","https://bataliru.de/products/bodenarbeitsseil-dunn-prices-from-51-60-to-58-75","[...] Variant for price 57.7 Variant for price 58.75 Variant for price 51.6 Variant for price 52 Variant for price 52.1 Variant for price 52.2 Variant for price 52.45 Variant for price 52.55 Variant for price 52.65 Variant for price 53.05 Variant for price 53.15 Variant for price 53.25 Variant for price 53.5 Variant for price 53.6 Variant for price 53.7 Variant for price 54.1 Variant for price 54.2 Variant for price 54.55 Variant for price 54.65 Variant for price 54.75 Variant for price 55.15 Variant for price 55.25 Variant for price 55.6 Variant for price 55.7 Variant for price 56.2 Variant for price 56.65 Variant for price 56.75 Variant for price 57.25 Variant for price 57.7 Variant for price 58.75 In den Einkaufswagen legen Teilen Auf Facebook teilen Twittern Auf Twitter twittern Pinnen Auf Pinterest pinnen Teilen Auf Facebook teilen Twittern Auf Twitter twittern Pinnen Auf Pinterest pinnen [...]"
"4469","2019-11-20","internetbasiert","Warner Bros. erneuert Markenauftritt. Design Tagebuch, 2019-11-20","https://www.designtagebuch.de/warner-bros-erneuert-markenauftritt/","Da gab es noch mehr varianten:"
"4470","2018-12-18","internetbasiert","Leonhard Lechner. Felicitas Records, 2018-12-18","https://felicitas-records.com/portfolio-items/leonhard-lechner/","Das ist mit variantem Schlagwerk von Glocken bis zur Maultrommel alles andere als ein äußeres Spektakel:"
"4471","2019-08-12","internetbasiert","Da fehlt doch was.... Autonotizen, 2019-08-12","https://autonotizen.de/fahrberichte/ford-focus-st-turnier-diesel-ecoblue-test-fahrt","Auch das kann der Ford Focus ST, eifert hier dem durchaus erfolgreichen Vorbild in Form des VW Golf GTD Variant nach."
"4472","2020-07-12","internetbasiert","Bildergalerie. abenteuerdachzelt.de, 2020-07-12","https://abenteuerdachzelt.de/bildergalerie/","Airpass 160 auf Anhäger montiert Defender mit Airpass Airpass MX Long Inter Trade Nimis Variant XL Variant MX Long Variant L Variant MX Long Variant MX Long Variant MX Long Variant MX Long Variant MX Long Variant XL Variant XL Variant XL Variant XL , da würde auch noch ein viertes Kind reinpassen BMW 7er mit Varinat XL BMW 7er mit Varinat XL BMW 7er mit Varinat XL BMW 7er mit Varinat XL"
"4473","2019-08-20","internetbasiert","mactrix – mac & apple support in wien 1020 UNSER SERVICE. Mactrix, 2019-08-20","https://mactrix.at/service-2/","sie kommen zu uns und wir lösen ihr problem oder beantworten ihre fragen bei uns im büro. bei dieser variante gibt es keine mindest-buchung. denn manchmal erledigen sich kleinigkeiten in ein paar minuten. einfach anrufen, termin ausmachen und vorbeikommen…"
"4474","2019-09-05","internetbasiert","Pit. Vepa the furniture factory, 2019-09-05","https://vepa.de/produkt/pit/","Der Pit-Stuhl mit Kufengestell gibt es auch in einer hohen Variant."
"4475","2020-11-03","internetbasiert","VW Golf 8 Variant - Kompaktkombi in sechster Generation - NewCarz.de. NewCarz.de, 2020-11-03","https://www.newcarz.de/2020/11/03/vw-golf-8-variant-kompaktkombi-in-sechster-generation/","Vorn und seitlich bis zu den B-Säulen teilen sich der klassisch viertürige Golf und der neue Golf Variant die gleiche ikonische Linienführung."
"4476","2019-01-01","internetbasiert","Original Aluminium Felge VW | Top-Preis: 1.104,90 €. Top-Preis: 1.104,90 €, 2019-01-01","https://www.basenio.de/guenstig-kaufen/original-aluminium-felge-vw-57193/_golf-7/","[...] TDI 1968 ccm, 110 KW, 150 PS VW Golf VII 2016/12-2019/12 5G1, BQ1, BE1, BE2 e-Golf 100 KW, 136 PS VW Golf VII Variant 2013/05-2019/12 BA5 1.2 TSI 1197 ccm, 77 KW, 105 PS VW Golf VII Variant 2013/05-2019/12 BA5 1.2 TSI 1197 ccm, 63 KW, 86 PS VW Golf VII Variant 2014/04-2019/12 BA5 1.2 TSI 1197 ccm, 81 KW, 110 PS VW Golf VII Variant 2013/09-2019/12 BA5 1.4 TGI CNG 1395 ccm, 81 KW, 110 PS VW Golf VII Variant 2014/05-2019/12 BA5 1.4 TSI 1395 ccm, 92 KW, 125 PS VW Golf VII Variant 2014/05-2019/12 BA5 1.4 TSI 1395 ccm, 110 KW, 150 PS VW Golf VII Variant 2013/05-2019/12 BA5 1.4 TSI 1395 ccm, 90 KW, 122 PS VW Golf VII Variant 2014/05-2019/12 BA5 1.4 TSI MultiFuel 1395 ccm, 92 KW, 125 PS VW Golf VII Variant 2013/04-2019/12 BA5 1.4 TSI MultiFuel 1395 ccm, 90 KW, 122 PS VW Golf VII Variant 2014/05-2019/12 BA5 1.6 1598 ccm, 81 KW, 110 PS VW [...]"
"4477","2020-10-05","internetbasiert","Bodenarbeitsseil Dünn - Prices from 51.60 to 58.75. Bataliru, 2020-10-05","https://bataliru.de/products/bodenarbeitsseil-dunn-prices-from-51-60-to-58-75","[...] Variant for price 52.2 Variant for price 52.45 Variant for price 52.55 Variant for price 52.65 Variant for price 53.05 Variant for price 53.15 Variant for price 53.25 Variant for price 53.5 Variant for price 53.6 Variant for price 53.7 Variant for price 54.1 Variant for price 54.2 Variant for price 54.55 Variant for price 54.65 Variant for price 54.75 Variant for price 55.15 Variant for price 55.25 Variant for price 55.6 Variant for price 55.7 Variant for price 56.2 Variant for price 56.65 Variant for price 56.75 Variant for price 57.25 Variant for price 57.7 Variant for price 58.75 Variant for price 51.6 Variant for price 52 Variant for price 52.1 Variant for price 52.2 Variant for price 52.45 Variant for price 52.55 Variant for price 52.65 Variant for price 53.05 Variant for price 53.15 Variant for price 53.25 Variant for price 53.5 Variant for price 53.6 Variant for price 53.7 Variant for price 54.1 Variant for price 54.2 Variant for price 54.55 Variant for price 54.65 Variant for price 54.75 Variant for price 55.15 Variant for price 55.25 Variant for price 55.6 Variant for price 55.7 Variant for price 56.2 Variant for price 56.65 Variant for price 56.75 Variant [...]"
"4478","2019-10-29","internetbasiert","VARIANT 1000.2 von HVO Massivhaus | Fertighaus.de. Fertighaus.de, 2019-10-29","https://www.fertighaus.de/haeuser/hvo_variant10002/","Das Satteldachhaus Variant 1000.2 bietet alle Vorzüge eines Familienwohntraums mit durchdachter Raumaufteilung."
"4479","2019-01-11","internetbasiert","Wie stelle ich Sauerteig her? - Plötzblog - Selbst gutes Brot backen. Plötzblog - Selbst gutes Brot backen, 2019-01-11","https://www.ploetzblog.de/faq-archiv/wie-stelle-ich-sauerteig-her/","Leider hat es sich nach Schritt 3 (variante 3A und 3B) nicht weiterentwickelt."
"4480","2020-01-01","internetbasiert","25-310. isover.ch, 2020-01-01","https://www.isover.ch/de/solutions/25-310","[...] Description Unité 1 Unité 2 Variant 1 Variant 2 Variant 3 Variant 4 Variant 5 Variant 6 Gipsplatte GKB, Typ A d [mm] – – – 12.5 12.5 12.5 Gipsplatte GKB, Typ A d [mm] 12.5 12.5 12.5 12.5 12.5 12.5 Metallständer CW/UW 50 mm h [mm] 50 – – 50 – – Metallständer CW/UW 75 mm h [mm] – 75 – – 75 – Metallständer CW/UW 100 mm h [mm] – – 100 – – 100 ISOVOX d [mm] 45 60 80 45 60 80 Wärmeschutz im Sommer Wärmespeicherfähigkeit (mit Rsi) κi [Wh/m2 K)] 3 3 3 6 6 6 Schalldämmung Bewertetes Schalldämm-Mass Rw [dB] 42 44 47 51 54 56 Spektrum-Anpassungswerte (C;Ctr) [...]"
"4481","2018-03-01","internetbasiert","September. sysmex.de, 2018-03-01","https://www.sysmex.de/akademie/wissenszentrum/scientific-kalender/september.html","November 24, 2017. [13] Amiral J et al. FVIII and Variant Chromogenic Assays for Measuring Emicizumab and FVIII Inhibitor Antibodies in Human Plasma."
"4482","2019-10-20","internetbasiert","klau|s|ens erlebt wieder und wieder den ewigen glauben-schafft-sich-glauben-trick der kirchenleute – www.klausens.com. Klausens (ZUSÄTZLICHES DASEINS-WEBLOG), 2019-10-20","https://klausens.wordpress.com/2019/10/20/klausens-erlebt-wieder-und-wieder-den-ewigen-glauben-schafft-sich-glauben-trick-der-kirchenleute-www-klausens-com/","ja, zweitklausens, es sind 2 varianten: „glauben“ + DATIV … und „glauben + an + AKKUSATIV“, feine bedeutungsunterschiede."
"4483","2019-01-07","internetbasiert","Grand Hotel Saigon – Vietnam | Bel Air Strandhotel. Bel Air Strandhotel, 2019-01-07","https://bel-air-hotels.de/grand-hotel-saigon-vietnam/","[...] #ffffff !important;}“][ultimate_heading main_heading=“RESTAURANT & BAR“ main_heading_color=“#00305d“ main_heading_font_family=“font_family:Cormorant|font_call:Cormorant|variant:600″ main_heading_style=“font-weight:600;“ sub_heading_font_family=“font_family:Cormorant|font_call:Cormorant|variant:600italic“ sub_heading_style=“font-style:italic;font-weight:600;“ main_heading_font_size=“desktop:20px;“][/ultimate_heading][vc_separator color=“black“ border_width=“2″ el_width=“20″ css=“.vc_custom_1544100058570{padding-top: 15px !important;}“][vc_column_text css=“.vc_custom_1546858449609{padding-right: 15px !important;padding-left: 15px !important;}“] [...]"
"4484","2018-02-14","internetbasiert","Die billigsten Autos ihrer Klassen. Badische Neueste Nachrichten, 2018-02-14","https://bnn.de/nachrichten/auto/die-billigsten-autos-ihrer-klassen","Ein VW Golf Variant zum Beispiel ist mit einem Grundpreis von 21850 Euro fast dreimal so teuer."
"4485","2018-04-01","internetbasiert","2018-04 Archive | Buzziol Mobile. Buzziol Mobile, 2018-04-01","http://buzziol-mobile.de/naechste_hu/2018-04/","28 Aug Volkswagen Golf Variant 1.4 TSI DSG Highline"
"4486","2020-09-21","internetbasiert","Jetzt bestellbar: Der neue VW Golf Variant. Autohaus Stoppanski, 2020-09-21","https://www.stoppanski.de/news/golf-variant-bestellbar/","Falls beide Hände mit Einkäufen oder Gepäck beladen sind, kann die optional erhältliche elektrische Heckklappe alternativ per virtuellem Pedal geöffnet werden – mittels Fußbewegung vor der Heckstoßstange des Golf Variant."
"4487","2019-12-08","internetbasiert","zwei in einem (und variante 7). Ule Rolff, 2019-12-08","https://ulerolff.net/2019/12/08/zwei-in-einem-und-variante-7/","10 Kommentare zu „zwei in einem (und variante 7)“"
"4488","2019-10-21","internetbasiert","VW Golf Variant 1.6 Comfortline (Kombi). Web-Set Interactive Gmbh, 2019-10-21","https://www.car7.ch/auto/VW-Golf-Variant-1-6-Comfortline-Kombi--_0_32057.html","VW VW Golf Variant 1.6 Comfortline (Kombi)"
"4489","2018-09-12","internetbasiert","Samsung Galaxy Note 9 – kommt eine Version in Silber?. Testberichte, News, Tablets & Smartphones, 2018-09-12","https://www.appdated.de/2018/09/samsung-galaxy-note-9-kommt-eine-version-in-silber/","We have managed to get our hands on a press render of the upcoming Galaxy Note 9 color variant, which looks quite similar to the Arctic Silver shade that Samsung introduced for the Galaxy S8* and Galaxy S8* Plus smartphones* last year.”"
"4490","2018-01-07","internetbasiert","Meltdown und Spectre: SpaceHost-Server gepatcht - SpaceHost Blog. SpaceHost - Webhosting, Domains, Server auf SSD, 2018-01-07","https://spacehost.de/meltdown-spectre-server-patch/","Da wir CentOs einsetzen und diese zeitnah Patches direkt von RHEL übernehmen, sind die Szenarien im Detail in CVE-2017-5753 (variant #1/Spectre), CVE-2017-5715 (variant #2/Spectre) und CVE-2017-5754 (variant #3/Meltdown) beschrieben."
"4491","2020-01-01","internetbasiert","Testberichte 1970. vw-411.de, 2020-01-01","http://vw-411.de/Testberichte-1970/","VW 411 LE Variant - Das Raumschiff fürs Volk"
"4492","2018-05-12","internetbasiert","Bayerisches Staatsministerium des Innern - MEDIA|tek|GmbH®. MEDIA|tek|GmbH®, 2018-05-12","https://media-tek.com/projekt-1-2/","[...]“][vc_column][ultimate_spacer height=“5″][ult_buttons btn_title=“Ausführlichen Projektbericht downloaden“ btn_link=“url:http%3A%2F%2Fdev.media-tek.com%2Fwp-content%2Fuploads%2F2018%2F05%2Fprojekt_INNENM_web-1.pdf|||“ btn_align=“ubtn-center“ btn_title_color=“#ffffff“ btn_bg_color=“#0a586e“ btn_anim_effect=“ulta-grow“ btn_bg_color_hover=“#0a586e“ btn_title_color_hover=“#ffffff“ icon=“Defaults-download“ icon_size=“26″ icon_color=“#ffffff“ btn_icon_pos=“ubtn-sep-icon-at-left“ btn_font_family=“font_family:Roboto|font_call:Roboto|variant:300″ btn_font_style=“font-weight:300;“ btn_font_size=“desktop:16px;“][ultimate_spacer height=“25″][/vc_column][/vc_row][vc_row full_width=“stretch_row“ css_animation=“fadeInLeft“ css=“.vc_custom_1526683381136{border-top-width: 4px !important;background-color: [...]"
"4493","2020-08-03","internetbasiert","Haben Sie Fragen?. Hanse Haus, 2020-08-03","https://www.hanse-haus.ch/de/fertighaus-referenzen/familie-zirkelbach/","Merkmale Hausserie Variant Hausname Variant 25 Verwendung Einfamilienhaus Dachform Satteldach Dachneigung 25° Kniestock 200 cm Wohnfläche 192,59 m² Grundfläche 200,44 m² Baujahr 2016 Ausbaustufe Schlüsselfertig"
"4494","2018-06-01","internetbasiert","Fertighaus Variant 25-198 | HANSE HAUS. Hanse Haus, 2018-06-01","https://www.hanse-haus.ch/de/architektur/haeuser/haus/variant-25-198/","Richtig viel Raum für alles, was das Leben bringt im Hanse Haus Variant 25-198"
"4495","2020-06-06","internetbasiert","Der VW Passat für die grünen Momente - Kreis-Anzeiger. Kreis-Anzeiger, 2020-06-06","https://www.kreis-anzeiger.de/ratgeber/auto-und-motorrad/autotests/volkswagen/der-vw-passat-fur-die-grunen-momente_21770500","Auch wenn große Familienkombis auf der Wunschliste nicht mehr ganz oben stehen aufgrund des SUV-Booms: Der Passat ist als Variant mit knapp 4,90 Meter Länge eine stattliche Erscheinung."
"4496","2020-06-10","internetbasiert","Nordvpn-Adresse – Nordvpn | Vorher, nachher…. Bester VPN-Vergleicher, 2020-06-10","http://minecraftopia.de/nordvpn-adresse-nordvpn-vorher-nachher/","Und dritte gerne kostenlose variante insgesamt sechs gleichzeitige verbindung zu können."
"4497","2020-10-05","internetbasiert","Bodenarbeitsseil Dünn - Prices from 51.60 to 58.75. Bataliru, 2020-10-05","https://bataliru.de/products/bodenarbeitsseil-dunn-prices-from-51-60-to-58-75","[...] Variant for price 52.65 Variant for price 53.05 Variant for price 53.15 Variant for price 53.25 Variant for price 53.5 Variant for price 53.6 Variant for price 53.7 Variant for price 54.1 Variant for price 54.2 Variant for price 54.55 Variant for price 54.65 Variant for price 54.75 Variant for price 55.15 Variant for price 55.25 Variant for price 55.6 Variant for price 55.7 Variant for price 56.2 Variant for price 56.65 Variant for price 56.75 Variant for price 57.25 Variant for price 57.7 Variant for price 58.75 Variant for price 51.6 Variant for price 52 Variant for price 52.1 Variant for price 52.2 Variant for price 52.45 Variant for price 52.55 Variant for price 52.65 Variant for price 53.05 Variant for price 53.15 Variant for price 53.25 Variant for price 53.5 Variant for price 53.6 Variant for price 53.7 Variant for price 54.1 Variant for price 54.2 Variant for price 54.55 Variant for price 54.65 Variant for price 54.75 Variant for price 55.15 Variant for price 55.25 Variant for price 55.6 Variant for price 55.7 Variant for price 56.2 Variant for price 56.65 Variant for price 56.75 Variant for price 57.25 Variant for price 57.7 Variant for price 58.75 In [...]"
"4498","2018-05-28","internetbasiert","Siemens übernimmt J2 Innovations für Gebäudeautomation und IoT. 0800hardware.de, 2018-05-28","http://0800hardware.de/siemens-uebernimmt-j2-innovations-fuer-gebaeudeautomation-und-iot/","The ease of use of a Nano board with the addition of secure IoT and BT connectivity Small (45mm x 18mm), robust and powerful board; 3.3V variant of the Nano family."
"4499","2018-01-21","internetbasiert","Was meine Angst- und Panikstörung für mein soziales Umfeld bedeutet - Kea von Garnier. Kea von Garnier, 2018-01-21","https://keavongarnier.de/was-meine-angst-und-panikstoerung-fuer-mein-soziales-umfeld-bedeutet/","[...] oh wow… ich hab eine variante davon und dennoch trifft es das hier sooo genau! und ich fühle mich von diesem text um so viel mehr verstanden als von meinen bisherigen therapeutinnen, die sich nur enttäuscht gaben, wenn es mir nicht gelang die angst herunterzuspielen und somit den kreislauf zu durchbrechen. ich hätte mich dann einfach nicht genügend bemüht, es nicht genügend gewollt, mich entschieden, ihr das ruder zu überlassen – kopfschütteln, enttäuschter blick. ganz prima und hilfreich, wenn man angst hat, dass der körper und das gesamte system versagt… und dann kommst du! [...]"
"4500","2020-08-03","internetbasiert","GRUNDIG st 70-466 Ersatzteilversand. forum.electronicwerkstatt.de, 2020-08-03","https://forum.electronicwerkstatt.de/phpBB/Ersatzteile_Reparatur_Fernseher/grundig_st_70_466-t5109f5_bs0.html","Zitat : wenns ne möglichkeit gäbe den auf werksteinstellungen zu bringen wärs glaub ich die billigste variante"
"4501","2020-01-01","internetbasiert","Matador MPS 400 Variant All Weather 2 215/65 R15 10 T. Autoreifenfinder, 2020-01-01","https://www.autoreifenfinder.ch/matador/mps-400-variant-all-weather-2/215-65-r15-10t-105324/","""Matador MPS 400 Variant All Weather 2 ( LT215/65 R15C 104/102T 6PR )"""
"4502","2020-01-01","internetbasiert","12-700. isover.ch, 2020-01-01","https://www.isover.ch/de/solutions/12-700","Description Unité 1 Unité 2 Variant 1 Variant 2 Variant 3 Variant 4 Variant 5 Variant 6 ISOTHERM 034 d [mm] 80 100 120 140 160 200 ISOTHERM 034 d [mm] 80 100 120 120 160 200 Wärmeschutz im Winter und Sommer * ** ** *** *** **** Wärmedurchgangskoeffizient:"
"4503","2018-06-24","internetbasiert","Kundenberichte - Sybianverleih. Sybianverleih, 2018-06-24","https://www.sybianverleih.de/kundenberichte/","Bei dem kleinen klit aufsatz waere ein variante ohne noppen fuer die frau besser."
"4504","2018-06-01","internetbasiert","Haben Sie Fragen?. Hanse Haus, 2018-06-01","https://www.hanse-haus.ch/de/fuer-sie/mediathek/360-grad-touren/","360°-Rundgang: Variant 35-176"
"4505","2020-01-01","internetbasiert","32-300. isover.ch, 2020-01-01","https://www.isover.ch/de/solutions/32-300","[...] Description Unité 1 Unité 2 Variant 1 Variant 2 Variant 3 Variant 4 Variant 5 Variant 6 Zementestrich d [mm] 70 70 70 70 70 70 LURO 814 d [mm] – – – 60 60 60 LURO 814 d [mm] 60 60 80 60 60 80 LURO 814 d [mm] 60 80 80 60 80 80 Wärmeschutz im Winter * ** ** ** *** Wärmedurchgangskoeffizient U [W/(m2 K)] 0.26 0.22 0.20 0.18 0.16 0.15 Wärmeschutz im Sommer Wärmespeicherfähigkeit (mit Rsi) κi,oben [Wh/m2 K)] 13 13 13 13 13 13 Schalldämmung Bewertetes Schalldämm-Mass Rw ca. [dB] 73 74 75 76 77 77 Bewerteter Norm-Trittschallpegel L'nw [dB] 41 41 41 41 41 41 Spektrum-Anpassungswerte (Ci) [...]"
"4506","2020-01-01","internetbasiert","23-300. isover.ch, 2020-01-01","https://www.isover.ch/de/solutions/23-300","Description Unité 1 Unité 2 Variant 1 Variant 2 Variant 3 Variant 4 Variant 5 Variant 6 PB M KRAFT 035 d [mm] 120 140 160 Wärmeschutz im Winter und Sommer * ** ** Wärmedurchgangskoeffizient U [W/(m2 K)] 0.22 0.20 0.18 Wärmeschutz im Sommer Wärmespeicherfähigkeit (mit Rsi) κi [Wh/m2 K)] 12 12 12 Schalldämmung Bewertetes Schalldämm-Mass Rw ca. [dB] 58 58 59 Ökologie Umweltbelastungspunkte UBP [Pt/(m2 a)] 828 841 854 Anteil Dämmung – [%] 10 12 13"
"4507","2020-01-01","internetbasiert","Der Passat Variant: So souverän wie Sie. heisel.de, 2020-01-01","https://www.heisel.de/der-neue-passat-variant-so-souveraen-wie-sie/","Im Passat Variant erleichtern innovative Technologien den Alltag."
"4508","2020-09-23","internetbasiert","C00 – C19 Französische Verteidigung. Schachseite Chessikus, 2020-09-23","https://chess.hirner.at/2020/09/23/franzoesischen-verteidigung/","[...] C08 1. e4 e6 2. d4 d5 3. Nd2 c5 4. exd5 exd5 Offene Tarrasch-Variante, 4.ed ed C09 1. e4 e6 2. d4 d5 3. Nd2 c5 4. exd5 exd5 5. Ngf3 Nc6 Offene Tarrasch-Variante, Hauptlinie C10 1. e4 e6 2. d4 d5 3. Sc3 Paulsen Variante C11 1. e4 e6 2. d4 d5 3. Sc3 Sf6 French, Klassisches System C12 1. e4 e6 2. d4 d5 3. Nc3 Nf6 4. Bg5 Bb4 French, MacCutcheon-Variante C13 1. e4 e6 2. d4 d5 3. Nc3 Nf6 4. Bg5 Be7 Französisch, Klassische Normalvariante C14 1. e4 e6 2. d4 d5 3. Nc3 Nf6 4. Bg5 Be7 5. e5 Nfd7 6. Bxe7 Qxe7 Klassische Variation, 5. e5 C15 1. e4 e6 2. d4 d5 3. Nc3 Bb4 French, Winawer (Nimzovich) variation C16 11. e4 e6 2. d4 d5 3. Nc3 Bb4 4. e5 Winawer, Advance Variation C17 1. e4 e6 2. d4 d5 3. Nc3 Bb4 4. e5 c5 Winawer, Advance Variation, 4…c5 C18 1. e4 e6 2. d4 d5 3. Nc3 Bb4 4. e5 c5 5. a3 Bxc3+ 6. bxc3 French, Winawer, advance variation, 6. bxc3 C19 [...]"
"4509","2018-11-25","internetbasiert","Selbstgemachter Eierlikör - mein Rezept (Getränk). Herzelieb, 2018-11-25","https://herzelieb.de/selbstgemachter-eierlikoer-rezept/","eine alkoholfreie variante wäre auch mal super"
"4510","2019-07-03","internetbasiert","(Senior-) Project Manager IoT, Big Data, Analytical Applications (m/w/d). 0800hardware.de, 2019-07-03","http://0800hardware.de/senior-project-manager-iot-big-data-analytical-applications-m-w-d/","The ease of use of a Nano board with the addition of secure IoT and BT connectivity Small (45mm x 18mm), robust and powerful board; 3.3V variant of the Nano family."
"4511","2018-06-04","internetbasiert","tea sandwich mit gurke. Surfing The Kitchen, 2018-06-04","https://surfingthekitchen.wordpress.com/2018/06/04/tea-sandwich-mit-gurke/","[...] wieder zu hause hatte ich dann so richtig lust auf tea sandwiches. die sind auch wirklich leicht und schnell zu machen und man braucht meistens nur wenige zutaten. ich habe mich vorerst mal auf die vegetarische variante beschränkt und gurkensandwiches gemacht (mit ei gabs auch welche, aber ausnahmsweise mit gekauftem eiaufstrich). die simpleste variante ist das brot einfach mit butter zu bestreichen, mit gurken zu belegen und zu salzen. das ist mir aber zu langweilig. daher habe ich als basis eine kräutercreme aus ricotta und dill gemacht – sooo lecker. kann man übrigens auch gut zum dippen für gemüsesticks nehmen. anstatt ricotta kann man zb frischkäse nehmen, ebenso bei den kräutern kann man nach lust und laune wechseln. für mich passt dill aber am besten zu gurke. das brot als unterlage spielt auch eine wesentliche rolle. man kann normales toastbrot nehmen und dieses entrinden. oder man nimmt tramezzinibrot oder es gibt seit neuestem auch ein italian sandwich von ölz (keine werbung!), das ist mein favorit muss ich sagen. also am besten einfach mal durchprobieren wie es für euch am besten [...]"
"4512","2020-01-01","internetbasiert","Volkswagen VW 411. vw-411.de, 2020-01-01","http://vw-411.de/Testberichte-1968/Volkswagen-VW-411/","[...] Das 1. Jahr in Lübbecke 1998 - Alles muss runter 2004 - Wieder ein Umzug 2007 - Es geht weiter 2012 - Der letzte Umzug? 2013 - Karosserie 2014 Innenausstattung und Bremsleitungen Karrosseriearbeiten Motor-Demontage Tank-Rohr und Klappenzug 2015 Auspuff Automatik-Getriebe Drehstrom-Lichtmaschine Motor und Motorbleche Motoröl-Kühlung Sicherheitsgurte Wärmetauscher 2016 Zusatz-Ölkühler 2017 VW 411 LE Variant 2000 - Ankunft 2001 - 1. Arbeiten 2017 2018 - Vorzeitiges ""AUS 2019 - Wir machen weiter 2020 - Neulackierung VW 411 Grand Prix Zahlen und Codes Produktionscode - Geburtstag des Nasenbären Zulassungsstatistik ab1986 Die Technik Anzugsdrehmomente für Schrauben und Muttern Lackierung (A 22.0) Bremsen, Räder, Kupplung (B 0 - 9) [...]"
"4513","2020-07-07","internetbasiert","audio digital schalten (mal wieder) Seite 2 Ersatzteilversand. forum.electronicwerkstatt.de, 2020-07-07","https://forum.electronicwerkstatt.de/phpBB/Projekte_im_Selbstbau/audio_digital_schalten_mal_wieder-t26406f34_bs15.html","als dritte variante werde ich dann nochmal eine schaltung layouten mit den ics von maxim (max4565 anstelle von cd4066ern), da mir jornbyte da gasagt hat (aus eigener erfahrung) das die sehr gut sind. dann könnte ich die schaltung auch noch um nen composite-schwitch erweitern"
"4514","2018-01-09","internetbasiert","Status zu Meltdown und Spectre Sicherheitslücken - Elektromobilität Ladestation-Verwaltung mit be.ENERGISED. Elektromobilität Ladestation-Verwaltung mit be.ENERGISED, 2018-01-09","https://beenergised.com/produkt-updates-emobility-de/status-zu-meltdown-und-spectre-sicherheitsluecken/","Variante 3: rogue data cache load (CVE-2017-5754)"
"4515","2019-07-17","internetbasiert","Smarte IoT-Lösungen werden mit KI noch intelligenter. 0800hardware.de, 2019-07-17","http://0800hardware.de/smarte-iot-loesungen-werden-mit-ki-noch-intelligenter/","The ease of use of a Nano board with the addition of secure IoT and BT connectivity Small (45mm x 18mm), robust and powerful board; 3.3V variant of the Nano family."
"4516","2019-10-21","internetbasiert","VW Golf Variant 1.6 Comfortline (Kombi). Web-Set Interactive Gmbh, 2019-10-21","https://www.car7.ch/auto/VW-Golf-Variant-1-6-Comfortline-Kombi--_0_32057.html","VW Golf VI Variant 1.6 TDI BlueMT Trendl. DSG"
"4517","2020-01-01","internetbasiert","Sensor, Ansauglufttemperatur. BERU Zündungsteile | BERU – Ihr Experte für Zündungstechnik, 2020-01-01","https://www.beruparts.de/find-my-part/9736955/beru-by-driv/sensoren/sensor--ansauglufttemperatur/st004.pd.html","Marke Variante Motor Aktion {{fitment.make}} {{fitment.variant}} {{fitment.engine_display}}"
"4518","2019-08-29","internetbasiert","VW fertigt MEB-Stromer ab 2022 auch in Emden - electrive.net. electrive.net, 2019-08-29","https://www.electrive.net/2019/08/29/vw-fertigt-meb-stromer-ab-2020-in-emden/","Bis zur „vollständigen Einrüstung“ für die ersten vollelektrischen Fahrzeuge werden am Standort jedoch weiterhin der Passat Variant und Passat Limousine sowie der Arteon produziert."
"4519","2019-02-06","internetbasiert","2019 VW Passat Variant R-Line Alltrack GTE Premiere Vorstellung Sitzprobe erste Infos Meinung Kritik | voice-over-cars.com. voice-over-cars.com, 2019-02-06","https://voice-over-cars.com/2019-vw-passat-variant-r-line-alltrack-gte-premiere-vorstellung-sitzprobe-erste-infos-meinung-kritik/","Der erste Kombi, sprich Variant, kam 1974 und nun sprechen wir inzwischen über acht VW Passat Generationen und schauen uns gemeinsam das Facelift an."
"4520","2019-06-07","internetbasiert","Vorverkauf des neuen Passat. My Bavaria - Das Bayern-Magazin, 2019-06-07","http://my-bavaria.com/zu-den-auto-nachrichten/vorverkauf-des-neuen-passat/","4. Passat 2.0 TDI DSG, 140 kW/190 PS, Kraftstoffverbrauch (WLTP) kombiniert in l/100 km (Variant in Klammern): 4,5 (4,6); CO₂-Emission kombiniert in g/km: 117 (120)"
"4521","2018-12-16","internetbasiert","Battlefield 5 will bei der TTK jetzt einfach alle glücklich machen. Mein-MMO.de, 2018-12-16","https://mein-mmo.de/battlefield-5-alten-ttk-spielen/","Warum sollte man das tun ? Stg 44, stg 1-5 und g 1-5 sind die gleiche waffe in verschieden varianten , stg 1-5 hat die höchste feuerrate aber niedrige präzi , g 1-5 hat den höchsten schaden aber nur es .. Stg44 is der hybrid .. Es hat sich kaum was geändert nach der dem patch du brauchst 1-2 kugeln mehr was vielleicht 2-5 frames sind bei der reichweite .. Den es am stg sollte man nur zum headshotten benutzen"
"4522","2018-04-01","internetbasiert","Restposten. creativ-hafner.at, 2018-04-01","http://www.creativ-hafner.at/restposten/","[...] btn_size=”md” btn_bg_color=”#000000″ btn_bg_hover_color=”#606060″ modal_on_align=”left” btn_text=”JETZT ANFRAGEN” modal_size=”medium” modal_style=”overlay-fade” overlay_bg_opacity=”80″ content_bg_color=”#f2f2f2″ header_bg_color=”#000000″ img_size=”80″ header_text_color=”#ffffff” content_text_color=”#000000″ btn_txt_color=”#ffffff” header_font=”font_family:Montserrat|font_call:Montserrat|variant:200″ header_font_style=”font-weight:200;” header_font_size=”desktop:26px;” content_font=”font_family:Montserrat|font_call:Montserrat|variant:200″ content_font_style=”font-weight:200;” content_font_size=”desktop:16px;”] [...]"
"4523","2020-01-01","internetbasiert","Zündkerze. BERU Zündungsteile | BERU – Ihr Experte für Zündungstechnik, 2020-01-01","https://www.beruparts.de/find-my-part/9737080/beru-by-driv/zundung/zundkerze/upt18p.pd.html","Marke Variante Motor Aktion {{fitment.make}} {{fitment.variant}} {{fitment.engine_display}}"
"4524","2019-01-23","internetbasiert","Tuya-Convert: IoT-Geräte ohne Löten vom Cloud-Zwang befreien. 0800hardware.de, 2019-01-23","http://0800hardware.de/tuya-convert-iot-geraete-ohne-loeten-vom-cloud-zwang-befreien/","Small (45mm x 18mm), robust and powerful board; 3.3V variant of the Nano family."
"4525","2019-04-08","internetbasiert","Lässt dich dein Backup Nachts ruhig schlafen? - Xelon AG. Xelon AG, 2019-04-08","https://www.xelon.ch/products/ueberblick-backup-cloud-virtual-datacenter-varianten/","Variante 1: Rundum-sorglos-Paket mit Acronis"
"4526","2018-01-05","internetbasiert","VW Käfer Karmann Ghia Typ3 Set Sitzentriegelunghebel Sitz Entriegelung Hebel. netspares.de, 2018-01-05","https://netspares.de/VW-Kaefer-Aircooled-Parts/Innenausstattung/VW-Kaefer-Karmann-Ghia-Typ3-Set-Sitzentriegelunghebel-Sitz-Entriegelung-Hebel::699.html","[...] 1.8 08.82 - 12.89 82 112 1781 VW 1500,1600 Schr?gheck (31) 1.5 L 07.68 - 07.73 33 45 1493 VW 1500,1600 Schr?gheck (31) 1.6 TL 08.65 - 07.73 40 54 1584 VW 1500,1600 (31) 1.5 04.61 - 07.73 33 45 1493 VW 1500,1600 (31) 1.6 L 07.64 - 07.73 37 50 1584 VW 1500,1600 (31) 1.6 TL 08.65 - 07.73 40 54 1584 VW 1500,1600 (31) 1.6 08.65 - 07.73 40 54 1584 VW 1500,1600 Variant (36) 1.5 04.61 - 07.73 33 45 1493 VW 1500,1600 Variant (36) 1.6 L 08.65 - 07.73 40 54 1584 VW LT 28-35 I Bus (281-363) 2.0 04.75 - 09.83 55 75 1984 VW LT 28-35 I Bus (281-363) 2.4 D 01.79 - 07.92 55 75 2383 VW LT 28-35 I Kasten (281-363) 2.0 04.75 - 09.83 55 75 1984 VW LT 28-35 I Kasten (281-363) 2.4 D 01.79 - 07.92 55 75 2383 VW LT 28-35 I Kasten (281-363) 2.7 D 11.75 - 01.80 48 65 2710 VW LT 28-35 I Pritsche/Fahrgestell (281-363) 2.0 04.75 - [...]"
"4527","2019-06-28","internetbasiert","Gastro- und Stehtischgestelle | TischDirekt.de - Ihr Massivholzpartner. TischDirekt.de GmbH, 2019-06-28","https://www.tischdirekt.de/tischgestelle/gastro-und-stehtischgestelle/","VARIANTEN _____"
"4528","2020-08-01","internetbasiert","Lokalisieren Sie Ihre Software und erschließen Sie neue Märkte. sisulizer.de, 2020-08-01","https://www.sisulizer.de/online-help/SystemVariantDialog.shtml","Specifies the variant codes."
"4529","2020-01-01","internetbasiert","Der Volkswagen Golf Variant: Der Allrounder. heisel.de, 2020-01-01","https://www.heisel.de/der-volkswagen-golf-variant-der-allrounder/","Mit LED-Technik bekommt Ihr Golf Variant noch mehr Ausstrahlung."
"4530","2020-02-20","internetbasiert","Injektor VW 5WS40539 Siemens CAYA 1,6 TDI CONTINENTAL 03l130277S A2C9626040080 NEU - Diesel Segment. Diesel Segment GmbH, 2020-02-20","https://www.diesel-segment.de/produkt/injektor-vw-5ws40539-siemens-caya-16-tdi-continental-03l130277s-a2c9626040080-neu/","VW Golf VI Variant 1.6 TDI 4-motion mit 77 KW ab Bj. 07.09"
"4531","2020-01-01","internetbasiert","【ᐅᐅ】Woll Kurzmantel Damen Grau • Top 5 Produkte im Detail. wintergartenzeitung.de, 2020-01-01","https://wintergartenzeitung.de/woll-kurzmantel-damen-grau/","2.herren sport jacket bolf softshelljacke übergangsjacke windbreaker regenjacke freizeit escape light sweatjacke hoodie mit reißverschluss marmot precip regenjacke wasserdicht, winddicht & atmungsaktiv crone epic lederjacke basic echtleder jacke in vielen varianten und farben langarm oversize feste für business revers geographical softshell urban classics denim vest weste the trucker leicht kapuze winddichte blouson sommerjacke outdoor safari praktischen multi-tasche netz"
"4532","2018-07-27","internetbasiert","IoT-Security steht erst am Anfang. 0800hardware.de, 2018-07-27","http://0800hardware.de/iot-security-steht-erst-am-anfang/","The ease of use of a Nano board with the addition of secure IoT and BT connectivity Small (45mm x 18mm), robust and powerful board; 3.3V variant of the Nano family."
"4533","2019-07-01","internetbasiert","crema di pistaccio. Contrada Malopasso, 2019-07-01","https://contradamalopasso.de/produkt/crema-di-pistaccio/","nicht zu verwechseln mit dem pesto di pistaccio, hier die süße variante aus den pistazien von pronte."
"4534","2020-01-01","internetbasiert","Volkswagen VW 411. vw-411.de, 2020-01-01","http://vw-411.de/Testberichte-1968/Volkswagen-VW-411/","Test VW Variant 411 LE Tests Neue Modelle - VW 411 E Variant Rainer Günzler-Autotests VW 411 Testberichte 1970 Vergleichstest Variant 1600 - Variant 411:"
"4535","2020-01-01","internetbasiert","24-100. isover.ch, 2020-01-01","https://www.isover.ch/de/solutions/24-100","Description Unité 1 Unité 2 Variant 1 Variant 2 Variant 3 Variant 4 Variant 5 Variant 6 ISOCONFORT 032 PR d [mm] 120 120 120 120 140 160 ISOPONTE 032 d [mm] 60 80 100 120 120 120 Wärmeschutz im Winter und Sommer ** ** ** *** *** *** Wärmedurchgangskoeffizient:"
"4536","2020-01-28","internetbasiert","ADE Universal-Zerkleinerer mit 2 Mahlbehältern | KA 1805. frischer-kochen.de, 2020-01-28","https://www.frischer-kochen.de/products/elektrische-gewurz-und-kaffeemuhle-ka-1805","[...]“ hat ein zweiflügeliges Schlagmesser zum Hacken und Mahlen von trockenen Lebensmitteln, wie Nüssen, Kaffee und Gewürzen.\u003c\/li\u003e\n\u003cli\u003eMahlbehälter „Quattro“ verfügt über ein vierflügeliges Universalmesser zum Zerkleinern und Mixen von frischen Lebensmitteln, wie z.B. Kräutern zu Pesto, Marinaden und Dips.\u003c\/li\u003e\n\u003c\/ul\u003e\n\u003cp\u003eDie beiden Mahlbehälter der Gewürzmühle bieten eine Füllmenge von \u003cstrong\u003ejeweils 300 ml\u003c\/strong\u003e. Gummierte Füße sorgen für \u003cstrong\u003efesten Stand\u003c\/strong\u003e der Mühle, die Kabelaufwicklung für \u003cstrong\u003eschnelles Verstauen.\u003cbr\u003e\u003c\/strong\u003e\u003cbr\u003e\u003cspan\u003eSie erhalten dieses Produkt auch in einer Variante mit tollem Smoothie-Maker-Zubehör (\u003c\/span\u003e\u003ca href=\""https:\/\/www.frischer-kochen.de\/collections\/elektrische-kuchengerate\/products\/ade-elektrischer-multi-zerkleinerer-gewurzmuhle-smoothie-maker\"" target=\""_blank\""\u003e\u003cstrong\u003eADE Smoothie-Maker (Standmixer) \u0026amp; Universal-Zerkleinerer\u003c\/strong\u003e\u003c\/a\u003e\u003cspan\u003e).\u003c\/span\u003e\u003c\/p\u003e\n\u003cp\u003e\u003cspan style=\""text-decoration: underline;\""\u003e\u003cstrong\u003eTechnische Daten des Zerkleinerers: \u003c\/strong\u003e\u003c\/span\u003e\u003c\/p\u003e\n\u003cp\u003e\u003cstrong\u003eGehäuse:\u003c\/strong\u003e\u003cspan\u003e Edelstahl und ABS-Kunststoff\u003c\/span\u003e\u003cbr\u003e\u003cstrong\u003eBedienung:\u003c\/strong\u003e\u003cspan\u003e Drucktaste\u003c\/span\u003e\u003cbr\u003e\u003cstrong\u003eFunktionen:\u003c\/strong\u003e\u003c\/p\u003e\n\u003cul\u003e\n\u003cli\u003eMahlen, Zerkleinern und Mixen\u003c\/li\u003e [...]"
"4537","2020-09-06","internetbasiert","Silbentrennung und Quotes im Browser › Torsten Landsiedel. Zodiac1978, 2020-09-06","https://torstenlandsiedel.de/2020/09/06/silbentrennung-und-quotes-im-browser/","Und das ist nicht nur region und variant, sondern noch viel mehr:"
"4538","2020-08-01","internetbasiert","Ladeschaltung für 6V Bleiakku mit Ladeabschaltung - Schaltplan gesucht Ersatzteilversand. forum.electronicwerkstatt.de, 2020-08-01","https://forum.electronicwerkstatt.de/phpBB/Projekte_im_Selbstbau/ladeschaltung_fuer_6v_bleiakku_mit_ladeabschaltung_schaltplan_gesucht-t37910f34_bs0.html","[...] akku eine konstante spannung von 6,9V an und begrenzt den strom auf etwa C/10... du misst den strom aber auch mit, fällt der strom unter etwa C/100 ab ist der akku voll -> eine abschaltung ist aber NICHT NÖTIG, der akjku kann beliebig lange bei dieser spannung am ladegerät bleiben -> dadurch kann er sich gar nicht selbstentladen eine möglichkeit wär zB auch ihn mit 7,2V zu laden... da is zwar auch ned wirklich kritisch wie lange er angeschlossen ist, man sollte aber den akku dabei nicht in dauerladung betreiben... (diese variante verwendet man übrigens im auto - [...]"
"4539","2019-09-26","internetbasiert","Probefahrtwochenende mit dem Passat Variant GTE! - Autohaus Kuhn+Witte. Autohaus Kuhn+Witte, 2019-09-26","https://porting-kuhn-witte.websparksite-de.dealerk.com/probefahrtwochenende-passat-variant-gte/","Großzügiges Raumangebot, bemerkenswerter Komfort und Plug-in-Hybrid-Technologie zeichnen den neuen Passat GTE Variant aus."
"4540","2020-09-11","internetbasiert","Schlangen Ohrringe — Snakes and Fairies. Snakes and Fairies, 2020-09-11","https://sandf.ch/produkt/schlangen-ohrringe/","varianten"
"4541","2018-04-16","internetbasiert","2x BLUETECH® Kennzeichenbeleuchtung (VW). ALP Handels GmbH, 2018-04-16","https://alp-handels.de/products/2x-bluetech%c2%ae-kennzeichenbeleuchtung-vw","VW Golf 4 (nur 3-trg und Limousine Baujahr 1997 - 2005, nicht Variant)"
"4542","2020-01-01","internetbasiert","Modellgeschichte - Typ3.de. Typ3.de, 2020-01-01","https://www.typ3.de/modellgeschichte-2.html","Der VW Typ 3 kostete als Variant bei seinem Erscheinen 6.300 DM und somit rund 1.000 DM mehr als der Volkswagen Käfer."
"4543","2019-11-14","internetbasiert","Anleitung: Variable Produkte in WooCommerce anlegen - MarketPress. MarketPress, 2019-11-14","https://marketpress.de/woocommerce-variable-produkte/","habe folgendes problem sobald ich über 30 verschieden varianten erstelle werden die bei der auswahl im shop nicht selektiert. heißt z.b. wenn ich fahrzeug audi A3 auswähle kann ich trozdem noch alle varianten (BJ.) auswählen obwohl im backend als für audi A3 nur bj. 2003-2008 eingestellt ist. gibt es dafür eine lösung ?"
"4544","2020-08-03","internetbasiert","Variant 3017 TB | 320x168cm - 3,0t | Dreiseitenkipper - Blattfederung. PKW-Anhänger kaufen bei P+P Anhängercenter | Wohnmobil Vermietung & Anhängervermietung, 2020-08-03","http://www.ppanhaengercenter.com/store/p106/Variant-3017TB-Dreiseitenkipper-Blattfederung.html","Variant 3017 TB | 320x168cm - 3,0t | Dreiseitenkipper - Blattfederung"
"4545","2019-01-01","internetbasiert","clog 6 1/2 lily. Klox Online-Shop, 2019-01-01","https://www.klox.de/de/holzclogs/139/clog-6-1/2-lily","diesen klassiker haben wir für euch in seiner schönsten variante interpretiert: pflanzlich gegerbtes leder auf naturboden, einfach nur schön!"
"4546","2019-11-11","internetbasiert","Comicvorstellung: I hate Fairyland 01 – Verrückt bis an ihr seliges Ende von Popcom | I AM NERD!. I AM NERD! | Talk nerdy to me!, 2019-11-11","https://www.iamnerd.de/2019/11/11/comicvorstellung-i-hate-fairyland-01-verrueckt-bis-an-ihr-seliges-ende-von-popcom/","Skottie Young, der den aktuellen Deadpool Neustart-Run für Marvel schreibt und für diverse Variant Cover verantwortlich ist, hat bei I hate Fairyland sowohl das Szenario entwickelt, als auch die Kreativarbeit mit seinem ganz eigenen niedlich-lustigen Stil übernommen."
"4547","2019-07-22","internetbasiert","Fahrzeug Detailsuche | Autohaus AWUS mobile. Autohaus AWUS mobile, 2019-07-22","https://www.awus-mobile.de/fahrzeugbestand/fahrzeug-detailsuche/","[...] Wartung & Inspektion Notdienst Teile & Zubehör Smart Repair Klimaservice Online Terminvereinbarung Gewerbekunden Rent a Car Online Verkauf × Fahrzeugbestand Fahrzeug Detailsuche Detailsuche - Fahrzeug(e) gefunden Fahrzeugtyp Bauart Andere Transporter/Lkw bis 7,5 t Cabrio/Roadster Kastenwagen Kastenwagen hoch Kastenwagen hoch + lang Kastenwagen lang Kleinwagen Kombi Kombi, Kleinbus bis 9 Sitze Limousine Sportwagen/Coupé SUV/Geländewagen/Pickup Van/Kleinbus Fahrzeugart Gebrauchtfahrzeug Jahreswagen Neufahrzeug Tageszulassung Vorführfahrzeug Allgemeine Angaben Marke Audi Cupra Ford Seat Skoda Volkswagen Modell A1 A3 A4 A5 A6 A8 Amarok Arona Arteon Ateca Caddy Courier Crafter Fabia Focus Formentor Golf Golf Sportsvan Ibiza Kamiq Karoq Kodiaq Leon Octavia Passat Variant Polo Q2 Q3 Q4 Q5 Q7 S6 Scala Sharan Superb T-Cross T-Roc T6 T6 Kombi T6 Multivan T6 Transporter T6.1 T7 T7 Multivan Taigo Tarraco Tiguan Tiguan Allspace Touareg Touran up! Aktionen Gebrauchtwagen-Super-Sale Standort Schwerin Wismar Getriebe Automatik Schaltgetriebe Alle Kraftstoffe Benzin Diesel Elektro Hybrid (Benzin/Elektro) [...]"
"4548","2020-05-21","internetbasiert","Asus-Router für nordvpn – Nordvpn : Rabatt-Code. Bester VPN-Vergleicher, 2020-05-21","http://minecraftopia.de/asus-router-fur-nordvpn-nordvpn-rabatt-code/","In restaurants, cafés oder bei routern : vpn-server und der nordvpn-antrag kann ihre dienststelle nicht erreichen vpn-client lediglich die sicherheit, die 7-tägige kostenlose varianten."
"4549","2020-01-01","internetbasiert","Golf R Variant 2016: Das sportliche Spitzenmodell. Volkswagen Österreich, 2020-01-01","https://www.volkswagen.at/service-zubehoer/vorgaengermodelle/golf-r-variant-2016","Denn das Herzstück des stärksten Golf Variant aller Zeiten kombiniert intelligente Turboaufladung mit effizienter Direkteinspritzung und gibt dem Begriff Leistung eine neue Bedeutung."
"4550","2020-06-26","internetbasiert","Wehmut bei VW-Werkern: Der letzte Verbrenner aus Zwickau - Wiesbadener Kurier. Wiesbadener Kurier, 2020-06-26","https://www.wiesbadener-kurier.de/wirtschaft/wirtschaft-ueberregional/wehmut-bei-vw-werkern-der-letzte-verbrenner-aus-zwickau_21867159","Doch auf den letzten Golf Variant, der hier am Freitag vom Band rollt, blickt der Fertigungsleiter auch mit einem weinenden Auge."
"4551","2019-12-18","internetbasiert","Liga deutscher Helden. Liga deutscher Helden, 2019-12-18","http://ligadeutscherhelden.de/","Neben Heft #1, der Nullnummer und den streng limitierten Variant Covers..."
"4552","2019-07-22","internetbasiert","Fahrzeug Detailsuche - Autohaus Salzmann. Autohaus Salzmann, 2019-07-22","https://salzmann-automobile.de/fahrzeugbestand/fahrzeug-detailsuche/","[...] Aktionen Neuwagen PKW Neuwagen Nutzfahrzeuge Dienstwagen Gebrauchtwagen Service-Aktionen E-Mobilität Ansprechpartner E-Fahrzeugbörse Privatangebote Gewerbeangebote E-Auto laden E-Förderung E-Lexikon Probefahrt Service Ansprechpartner Leistungsspektrum Aktionen Ersatzwagen Mietwagen Notdienst Teile/Zubehör my Volkswagen Karosserie & Lack Unfall Spezialist Geschäftskunden Unternehmen Ansprechpartner Anfahrt & Öffnungszeiten Karriere Bewerbungsformular Historie Rückrufservice Online Termin Werkstatttermin Radwechseltermin × Fahrzeugbestand Fahrzeug Detailsuche Detailsuche - Fahrzeug(e) gefunden Fahrzeugtyp Bauart Cabrio/Roadster Kasten Kombi Limousine Sportwagen/Coupe SUV/Gelaendewagen/Pickup Van/Kleinbus Fahrzeugart Gebrauchtfahrzeug Jahreswagen Neufahrzeug Tageszulassung Vorführfahrzeug Allgemeine Angaben Marke MercedesBenz VW Modell Arteon Arteon Shooting Caddy CALIFORNIA Caddy KLIMA Crafter KLIMATELEFONRFK Crafter RADIO Golf VII Golf VIII Passat Alltrack Passat Var Passat Variant Polo Taigo TCross Tiguan TRoc TRoc Cabrio V250 4MATICLED Aktionen Standort Autohaus Salzmann GmbH & Co. KG Getriebe Automatik Schaltgetriebe Alle Kraftstoffe Benzin Diesel Anzahl Türen 2 4 5 Klimatisierung keine Klimaanlage Klimaautomatik Außenfarbe Blau Gelb Grau Grün Orange Rot Schwarz Silber Violett Weiß Schadstoffklasse Euro6 Euro6d-Temp Umweltplakette (Grün) (keine) Material der Innenausstattung Alcantara Leder Stoff Velour Fahrzeugausstattung Abstandstempomat Alarmanlage Allradantrieb Anhaengerkupplung Anhängerkupplung abnehmbar Anhängerkupplung schwenkbar Apple carplay Beheizbare frontscheibe Berganfahrassistent Bluetooth Bordcomputer CD Spieler Einparkhilfe Einparkhilfe Kamera Einparkhilfe Sensoren hinten Einparkhilfe Sensoren vorne Einparkhilfe selbstlenkendes System Fensterheber Freisprecheinrichtung Gepäckraumabtrennung Geschwindigkeitsbegrenzungsanlage Innenspiegel automatisch abbl. [...]"
"4553","2020-08-08","internetbasiert","Microsoft 365 Business Standard. Lizenz2Go, 2020-08-08","https://lizenz2go.ch/products/microsoft-365-business-standard","[...] Spezifikationen Lizenz Lizenztyp Subscription Lizenz Lizenzdauer 1 Jahr Lizenzform ESD Anzahl Benutzer 1x Sprache Multilingual Software Hersteller Microsoft Produktfamilie 365 Produktserie Business Standard Herst.-Nr. {{ variant.sku }} Systemanforderungen Betriebssystem Android 4.4 und höher iOS 10.10 und höher Mac OS (keine genau Angabe) Windows 7 mit SP1 / 7 / 8 / 8.1 / 10 Windows Server 2008 R2 / 2012 (R2) / Windows 10 Server Festplattenspeicher 3 GB (Win), 6 GB (Mac) Arbeitsspeicher (RAM) 1 GB (Android), 4 GB (Mac), 1 GB (32 Bit, Win), 2 GB (64 Bit, Win) [...]"
"4554","2018-08-14","internetbasiert","Huawei P20 Pro bekommt aktuell den GPU Turbo per Update. Caschysblog, 2018-08-14","https://stadt-bremerhaven.de/huawei-p20-pro-bekommt-aktuell-den-gpu-turbo-per-update/","Single Sim variante"
"4555","2019-03-21","internetbasiert","Scheibel OriGINal & Käse - Michael Wühle | Käse-Sommelier. Michael Wühle | Käse-Sommelier, 2019-03-21","http://michaelwuehle.com/scheibel-original-kaese/","Diese variante reift mind. 4 Monate in alten Grotten, was ihm ein unglaublich angenehmes und würziges Aroma gibt."
"4556","2020-01-01","internetbasiert","VW Vorteilspakete für Modelle älter als 4 Jahre. Volkswagen Österreich, 2020-01-01","https://www.volkswagen.at/service-zubehoer/volkswagen-service/angebote-und-aktionen/vorteilspakete","[...] Modell Baujahr statt ab im Vorteilspaket ab Jetta 05-10 347,- 258,- Jetta 11-16 352,- 259,- Golf IV 02-05 433,- 331,- Bora 02-05 433,- 331,- Golf Plus 05-09 347,- 258,- Golf Plus 10-16 339,- 251,- Golf V 04-09 326,- 244,- Touran 03-09 346,- 258,- Touran 11-16 343,- 258,- Golf VI 09-13 347,- 258,- Golf VII 1,2 L Benzin 12-16 329,- 246,- Golf VII TDI-CR 12-16 362,- 267,- Scirocco 1,4 L Benzin 08-16 325,- 241,- Eos 1,4 L Benzin 08-16 369,- 283,- Golf Variant 07-09 322,- 237,- Golf Variant 10-14 348,- 249,- Polo 1,2 L Benzin 08-09 263,- 200,- Polo 1,4 L TDI 08-09 327,- 240,- Polo 44-55 KW Benzin 10-16 300,- 225,- New Beetle 1,2 L Benzin 12-16 322,- 246,- Passat 06-07 344,- 257,- Passat 08-09 317,- 235,- Passat 10-14 349,- 259,- Passat 15-16 370,- 274,- Sharan 02-07 449,- 344,- Sharan 08-09 329,- 243,- Sharan 10-16 357,- 266,- Tiguan 07-10 317,- 235,- Tiguan 11-16 349,- 259,- Touareg 6 Zyl. Diesel 05-10 620,- 454,- Touareg 6 Zyl. Diesel 11-16 629,- 466,- [...]"
"4557","2020-01-01","internetbasiert","Volkswagen Passat 3C. Autoteile-Rathenow Autoteile-Premnitz Ersatzteile Neuteile - Automarkt in Rathenow - Premnitz, 2020-01-01","https://www.autoteile-rathenow.de/gebrauchtteile/volkswagen-teilekatalog/volkswagen-passat/volkswagen-passat-3c/","[...] Kundengruppe: Gast Registrieren Anmelden TOP Produkte VW Golf III Variant Tür hinten links weiss Farbcode LB9A TOP Produkte Barkas B1000 Seitenscheibengummi hinten kleine Scheibe TOP Produkte Heckklappe rot Farbcode D719 Renault Kangoo 1998-03 TOP Produkte Dachträger Citrön Jumpy Fiat Scudo Peugeot Expert 9910113391 TOP Produkte Kotflügel Renault Clio III vorn rechts Silber original Teilenr. 82 00 325171 TOP Produkte Original VW Golf Plus 5M/1KP Kotflügel rechts 5M0821022 LA7W TOP Produkte Renault Kangoo 98-03 Schiebetür links blau Farbcode 432 TOP Produkte ABE 46660 Alufelgen PKW-Sonderrad 6Jx15H2 Typ 93605 TOP Produkte ABE BMW Z3 E36 318 FRIEDRICH MOTORSPORT TOP Produkte Renault Kangoo 1998-03 Tacho Cockpit Kombiinstrument(Nr.12) 8200055051 TOP Produkte Barkas B1000 - Vergaser 3 TOP Produkte VW Passat Variant, Touareg, Touran, TraficGard Allround Trenngitter Hundegitter Kategorien NEUTEILE (25) GEBRAUCHTTEILE (287) AUDI - Teilekatalog (20) ALFA ROMEO - Teilekatalog BARKAS B1000 - Teilekatalog (49) BMW - Teilekatalog (10) CITRÖN - Teilekatalog (2) FIAT - Teilekatalog (5) FORD - Teilekatalog (14) HONDA Teilekatalog HYUNDAI - Teilekatalog (6) [...]"
"4558","2019-01-16","internetbasiert","Spielerisch und virtuell in 60min Ihr Englisch auffrischen?. Virtuelle PH, 2019-01-16","https://www.virtuelle-ph.at/2019/01/16/spielerisch-und-virtuell-in-60min-ihr-englisch-auffrischen/","Er wird Ihnen am 21. Jänner, 18:00 auf Englisch game-based learning näherbringen und verrät, wie das von der Texas A&M University entwickelte Spiel Variant: Limits Lernenden helfen soll, mathematische Herausforderungen zu meistern."
"4559","2020-01-24","internetbasiert","VW Passat Variant Facelift - Der Kronprinz - NewCarz.de. NewCarz.de, 2020-01-24","https://www.newcarz.de/2020/01/24/vw-passat-variant-facelift-der-kronprinz/","Wenn es sein soll, „rennt“ dieses VW Passat Variant Facelift bis zu 243 km/h schnell, was im Praxistest problemlos reproduzierbar war und der Tacho regelmäßig etwas über 250 anzeigen konnte."
"4560","2020-12-17","internetbasiert","535. Nordrhein-Westfalen, das „Corona“-Narrativ und der riskante genetische Impfstoff. Sägefisch, 2020-12-17","https://jacquesauvergne.wordpress.com/2020/12/17/535/","The variant has been named ‘VUI – 202012/01’ (the first Variant Under Investigation in December 2020)."
"4561","2020-06-24","internetbasiert","GEVATTER DOKUMENTATION - Glücklicher Montag. Glücklicher Montag, 2020-06-24","https://gluecklicher-montag.de/gevatter-dokumentation/","Für „Gevatter“ #4 wird „Fuchskind“ Daniela Schreiter das Variant gestalten – worauf wir schon mega gespannt sind! – schw, 12.09.2019"
"4562","2018-09-29","internetbasiert","VW Passat Variant 2.0 TDI 4Motion DSG BlueMotion Tech Comfortline - Autohaus Lentner. Autohaus Lentner, 2018-09-29","https://autohaus-lentner.de/2018/09/29/vw-passat-variant-2-0-tdi-4motion-dsg-bluemotion-tech-comfortline/","VW Passat Variant 2.0 TDI 4Motion DSG BlueMotion Tech Comfortline VW Passat Variant 2.0 TDI 4Motion DSG BlueMotion Tech Comfortline"
"4563","2020-06-09","internetbasiert","Chilobrachys dyscolus (G5) - Vogelspinnen.shop aktualisiert 02.06.23. Vogelspinnen.shop aktualisiert 02.06.23, 2020-06-09","https://www.vogelspinnen.shop/shop/chilobrachys-dyscolus-g5/","Chilobrachys dyscolus blaue Variante"
"4564","2018-11-23","internetbasiert","Fototische. studiotische.de, 2018-11-23","https://www.studiotische.de/Fototische","Mit dem Photostar „Variant MAXI“ entscheiden Sie sich für die professionelle Lösung in Fragen „Fototisch“ und profitieren auf Grund der Konstruktion von verschiedenen Anwendungen wie hängende Objekte, Aufnahmen aus der Froschperspektive und in mehreren Ebenen."
"4565","2020-07-31","internetbasiert","Taster/Schalter am PC Seite 2 Ersatzteilversand. forum.electronicwerkstatt.de, 2020-07-31","https://forum.electronicwerkstatt.de/phpBB/Projekte_im_Selbstbau/taster_schalter_am_pc-t30807f34_bs15.html","(ich habe im moment 4 taster, je auf einen der vier eingänge, der schaltplan ist auf http://www.meierspage.net/how2s/win.....g.php, nur ist es die variante mit 4 taster _________________"
"4566","2020-08-01","internetbasiert","Lokalisieren Sie Ihre Software und erschließen Sie neue Märkte. sisulizer.de, 2020-08-01","https://www.sisulizer.de/online-help/SystemVariantDialog.shtml","If unchecked the variant will not be added to language list."
"4567","2020-08-03","internetbasiert","Variant 3017 TB | 320x168cm - 3,0t | Dreiseitenkipper - Blattfederung. PKW-Anhänger kaufen bei P+P Anhängercenter | Wohnmobil Vermietung & Anhängervermietung, 2020-08-03","http://www.ppanhaengercenter.com/store/p106/Variant-3017TB-Dreiseitenkipper-Blattfederung.html","Variant Dreiseitenkipper"
"4568","2020-01-01","internetbasiert","Lambdasonde. BERU Zündungsteile | BERU – Ihr Experte für Zündungstechnik, 2020-01-01","https://www.beruparts.de/find-my-part/9738031/beru-by-driv/exhaust-systems/lambdasonde/ozh184.pd.html","Marke Typ Motor Aktion {{fitment.make}} {{fitment.variant}} {{fitment.engine_display}} Siehe Anwendung"
"4569","2019-01-18","internetbasiert","Digest: Deutsche Youtuber – 18.01.2019. Digest: Deutsche Youtuber – 18.01.2019, 2019-01-18","https://ausfahrt.tv/digest-deutsche-youtuber-18-01-2019/","Ubi testet: VW Golf Variant 1.5 TSI Bluemotion | Der clevere Golf – Review, Kaufberatung, Test"
"4570","2020-04-10","internetbasiert","Seat Mii Electric für 2020 nicht mehr bestellbar. ecomento.de, 2020-04-10","https://ecomento.de/2020/04/10/seat-elektroauto-mii-electric-2020-ausverkauft-adac-test/","Darunter auch eine variante für 25.600 € nach förderung."
"4571","2020-01-01","internetbasiert","Zündleitungssatz. BERU Zündungsteile | BERU – Ihr Experte für Zündungstechnik, 2020-01-01","https://www.beruparts.de/find-my-part/9741434/beru-by-driv/zundung/zundleitungssatz/ze566.pd.html","Passend für: {{make}} {{variant}} {{engine_display}} Passend für: Achse {{axle_code}} Passend für: Motor {{fitsEngineDisplay}}"
"4572","2020-07-20","internetbasiert","VW-Managerin über E-Autos: Derzeit ""weniger ein Nachfrage- als ein Angebotsproblem"". ecomento.de, 2020-07-20","https://ecomento.de/2020/07/20/vw-elektroauto-derzeit-weniger-nachfrage-als-angebotsproblem/","Es ist die günstigste noch in diesem jahr lieferbare variante mit WP."
"4573","2019-04-16","internetbasiert","Hundekekse Test: die BESTEN Kekse im Vergleich » (05/2023) 🥇. CountryDog - Alles über Border Collies, 2019-04-16","https://www.countrydog.de/hundekekse/","Für sie gibt es deswegen im Handel auch spezielle varianten."
"4574","2020-01-01","internetbasiert","22-210. isover.ch, 2020-01-01","https://www.isover.ch/de/solutions/22-210","[...] Description Unité 1 Unité 2 Variant 1 Variant 2 Variant 3 Variant 4 Variant 5 Variant 6 PB F 030 d [mm] 120 140 160 180 200 220 Wärmeschutz im Winter und Sommer * ** ** *** *** *** Wärmedurchgangskoeffizient U [W/(m2 K)] 0.21 0.18 0.16 0.15 0.13 0.12 Wärmeschutz im Sommer Wärmespeicherfähigkeit (mit Rsi) κi [Wh/m2 K)] 15 15 15 15 15 15 Schalldämmung Bewertetes Schalldämm-Mass Rw ca. [dB] 70 71 72 73 74 74 Ökologie Umweltbelastungspunkte UBP [Pt/(m2 a)] 1507 1524 1541 1558 1574 1591 Anteil Dämmung – [%] 7 8 9 10 11 12 [...]"
"4575","2019-07-10","internetbasiert","Technischer Projektleiter (m/w/d) – für Klimaschutz-IoT Startup. 0800hardware.de, 2019-07-10","http://0800hardware.de/technischer-projektleiter-m-w-d-fuer-klimaschutz-iot-startup/","The ease of use of a Nano board with the addition of secure IoT and BT connectivity Small (45mm x 18mm), robust and powerful board; 3.3V variant of the Nano family."
"4576","2019-05-03","internetbasiert","Microsoft kündigt Hololens-2-Start, IoT-Plug-and-Play, neue Azure-KI-Tools und mehr an. 0800hardware.de, 2019-05-03","http://0800hardware.de/microsoft-kuendigt-hololens-2-start-iot-plug-and-play-neue-azure-ki-tools-und-mehr-an/","Small (45mm x 18mm), robust and powerful board; 3.3V variant of the Nano family."
"4577","2020-01-01","internetbasiert","11-400. isover.ch, 2020-01-01","https://www.isover.ch/de/solutions/11-400","Description Unité 1 Unité 2 Variant 1 Variant 2 Variant 3 Variant 4 Variant 5 Variant 6 ISOCONFORT 032 PR d [mm] 160 160 180 180 200 240 PB M 030 d [mm] 40 60 60 80 100 140 Wärmeschutz im Winter und Sommer ** ** ** *** *** **** Wärmedurchgangskoeffizient:"
"4578","2019-03-24","internetbasiert","Programmier Tutorial: Apps für Android entwickeln – Teil 14: Mit Debugging Programmfehler im Quellcode finden. Mit Debugging Programmfehler im Quellcode finden in Android Studio, 2019-03-24","https://www.programmierenlernenhq.de/tutorial-android-debugging-mit-android-studio/","Welcher Build Variant für den Zusammenbau unserer Android App verwendet werden soll, kann durch Klicken in das Build Variant-Feld (Markierung B) festgelegt werden."
"4579","2020-01-01","internetbasiert","Waschwasserdüse VW Golf Cabrio Caddy Polo Passat - 1 Stück. Bus-Scheune.de, Ersatzteile fuer VW Bus T3 VW Bus T4 guenstig kaufen., 2020-01-01","https://www.bus-scheune.de/weitere-VW-Classic-Modelle/Golf-1/Karosserieteile/Waschwasserduese-VW-Golf-Cabrio-Caddy-Polo-Passat-1-Stueck::49428.html","[...] PASSAT (3A2, 35I) 1.6 1.8 1.9 2.0 2.8 D TD TDI 16V VR6 02/88-08/96 VW PASSAT Variant (3A5, 35I) 1.6 1.8 1.9 2.0 2.8 2.9 D TD TDI 16V VR6 02/88-05/97 VW POLO (6N1) 1.0 1.3 1.4 1.6 1.7 1.9 D SDI 16V 10/94-10/99 VW POLO (6N2) 1.0 1.4 1.6 1.7 1.9 D SDI TDI 16V 10/99-09/01 VW POLO CLASSIC (6KV2) 1.4 1.6 1.7 1.9 SDI TDI 16V 11/95-09/01 VW POLO Kasten (6NF) 1.0 1.4 1.7 1.9 D SDI 10/94-12/99 VW POLO Variant (6KV5) 1.4 1.6 1.7 1.8 1.9 SDI TDI 16V 05/97-09/01 VW VENTO (1H2) 1.4 1.6 1.8 1.9 2.0 2.8 D TD SDI TDI VR6 11/91-09/98 [...]"
"4580","2019-03-31","internetbasiert","Nokia 8.1 plus aka X71 kommt am 2. April mit durchbrochenem Display. Testberichte, News, Tablets & Smartphones, 2019-03-31","https://www.appdated.de/2019/03/nokia-8-1-plus-aka-x71-kommt-am-2-april-mit-durchbrochenem-display/","Unlike the Nokia X71, however, the global variant is expected to have a dual-camera setup at the rear."
"4581","2018-12-01","internetbasiert","Funktionsjacken. gipfelrausch.com, 2018-12-01","http://www.gipfelrausch.com/jacken","Marmot Variant Jacketab € 64,95"
"4582","2019-02-28","internetbasiert","Tommy Lexxus – Dark Real Dark Podcast #15 (Februar 2019). Robyn Thinks, 2019-02-28","https://robynthinks.wordpress.com/2019/02/28/tommy-lexxus-dark-real-dark-podcast-15-februar-2019/","“Upon A Dream” – Variant | Echospace 30."
"4583","2018-04-30","internetbasiert","Irox. creativ-hafner.at, 2018-04-30","http://www.creativ-hafner.at/portfolio/irox/","[ult_createlink title=”JETZT ANFRAGEN” link_hover_style=”Style_5″ text_color=”#777777″ border_color=”#777777″ border_size=”1″ text_style=”right” font_family=”font_family:Montserrat|font_call:Montserrat|variant:200″ heading_style=”font-weight:200;” title_font_size=”desktop:15px;” title_line_ht=”desktop:28px;”]"
"4584","2020-01-01","internetbasiert","VW Vorteilspakete für Modelle älter als 4 Jahre. Volkswagen Österreich, 2020-01-01","https://www.volkswagen.at/service-zubehoer/volkswagen-service/angebote-und-aktionen/vorteilspakete","[...] 12-16 416,- 325,- Polo 03-09 481,- 358,- Polo 10-16 461,- 354,- Golf V 04-09 534,- 415,- Golf VI 09-13 461,- 334,- Golf VII 12-16 561,- 429,- Golf Variant Frontantrieb 10-12 453,- 325,- Golf Variant 4Motion 10-14 599,- 473,- Golf Plus 10-16 546,- 426,- Touran 03-10 534,- 415,- Touran 11-16 546,- 426,- Scirocco 1,4 L Benzin 08-16 546,- 426,- Eos 1,4 L Benzin 08-16 546,- 426,- New Beetle 12-16 546,- 426,- Tiguan 07-16 640,- 494,- Passat 06-09 603,- 477,- Passat 10-14 616,- 489,- Passat 15-16 630,- 472,- Sharan Frontantrieb 03-09 602,- 473,- Sharan 4Motion 03-09 620,- 489,- Sharan 10-16 705,- 559,- Touareg 03-10 1128,- 888,- Touareg 11-16 1149,- 902,- [...]"
"4585","2019-08-28","internetbasiert","a.. Wordpressdotcom, 2019-08-28","https://peschka.at/2019/08/28/a/","[...] blog/texte andere seiten prosabruch kalser seelenwanderung bohumil und barnabas die frau des schneckenkönigs sterntaler hedwig in der nische donauwalzer (varianten) personal favorite oe1.orf.at texte für oe1.orf.at johnny be good alte texte bild/text/ton mit michael hedwig mit oskar stocker mit rudolf jungwirth mit ella raidel bilder bücher watschenmann fannipold autolyse wien publikationsliste termine ein paar rezensionen rezensionen tddl 2017 über mich impressum a. 28/08/2019 mit dir in diese stunde gehn und alle sterne rot ein jahr lang länger mars Teilen Sie dies mit: Facebook E-Mail Twitter Pinterest Drucken WhatsApp Gefällt mir: Gefällt mir Wird geladen... Ähnliche Beiträge Posted by Karin Peschka Filed in 2019 , prosabruch/lyrik Kommentare deaktiviert für a. 29. August: [...]"
"4586","2019-09-21","internetbasiert","Fensterputzen-Preissystem Fürth Fensterreinigung Preis Preise. Fensterputzer Fürth Fenstereinigung für Privathaushalte, 2019-09-21","https://xn--fensterputzerfrth-g3b.de/fensterputzen-preissystem/","Fenster-Putzen variante 2 ist 25 % günstiger als Premium Fensterreinigung Fensterputzen PREMIUM"
"4587","2020-08-03","internetbasiert","Variant 3520 M5 | 460x198cm - 3,5t | Baumaschinentransporter mit Tridem Blattfederung. PKW-Anhänger kaufen bei P+P Anhängercenter | Wohnmobil Vermietung & Anhängervermietung, 2020-08-03","http://www.ppanhaengercenter.com/store/p540/Variant-3520M5-Tridem-Baumaschinenanhaenger-Blattfederung.html","Variant 3520 M5 | 460x198cm - 3,5t | Blattfederung"
"4588","2018-02-08","internetbasiert","Raus ist die Hinterachse schon mal. OST-Blog, 2018-02-08","https://ost-blog.passat32.de/2018/02/08/raus-ist-die-hinterachse-schon-mal/","Dazu würden sich Federn vom Variant anbieten."
"4589","2020-07-06","internetbasiert","VW baut Werk Emden zu Elektroauto-Standort um. ecomento.de, 2020-07-06","https://ecomento.de/2020/07/06/vw-baut-werk-emden-zu-elektroauto-standort-um/","Die Produktion von Passat Limousine und Variant, des Arteon sowie dessen neuen Variante Shooting Brake soll „für eine mehrjährige Übergangszeit“ weiterlaufen."
"4590","2020-07-29","internetbasiert","Reparatur. suche eine Schaltung im KfZ-Bereich...5stufiger Schwellwertschalter... Seite 2 Ersatzteilversand, 2020-07-29","https://forum.electronicwerkstatt.de/phpBB/Projekte_im_Selbstbau/suche_eine_schaltung_im_kfz_bereich_5stufiger_schwellwertschalter-t11275f34_bs15.html","spannung messen wär gut, damit man den bereich einstellen kann ich kann mich irgenwie erinnern dass er die schwellwerte selbst festlegen wollte, beim LM3914 hast du aber alle gelcih weit aussander - setzte bei linearer anzeige einen linearen sensor vorraus, beim LM3915 is zwar nicht linear, aber beliebige schwellwerte gibts nur bei der OPV variante..."
"4591","2020-08-03","internetbasiert","Variant 3017 TB | 320x168cm - 3,0t | Dreiseitenkipper - Bordwandaufsatz. PKW-Anhänger kaufen bei P+P Anhängercenter | Wohnmobil Vermietung & Anhängervermietung, 2020-08-03","http://www.ppanhaengercenter.com/store/p780/Variant-3017-TB-320-x-168-cm.html","Variant 3017 TB | 320x168cm - 3,0t | Dreiseitenkipper - Blattfederung - Bordwandaufsatz"
"4592","2019-05-14","internetbasiert","Crucial 1 TB M.2 SSD zum absoluten Bestpreis bei Amazon. Mein-MMO.de, 2019-05-14","https://mein-mmo.de/crucial-1tb-ssd-amazon-bestpreis/","Die 1TB kostet 111€ im Angebot, die 500gb kostet 62€, steht auch oben im Text, der link ist aber irgendwie falsch beschrieben, da ist die 1tb variante für 62€ angegeben."
"4593","2018-10-21","internetbasiert","Daytime matrix Acryl-Adapter Set. biconeo-aquascaping.de, 2018-10-21","https://www.biconeo-aquascaping.de/aquarium-beleuchtung-led/produkt:daytime-matrix-acryl-adapter-set/","[...] LED Variante Länge Aquariumlänge matrix20 16,6 cm 17,6 - 33,6 matrix30 26 cm 26 - 42 cm matrix40 35 cm 36 - 52 cm matrix50 45 cm 46 - 62 cm matrix60 55 cm 56 - 72 cm matrix70 65 cm 66 - 82 cm matrix80 75 cm 76 - 92 cm matrix90 85 cm 86 - 102 cm matrix100 95 cm 96 - 112 cm matrix110 105 cm 106 - 122 cm matrix120 115 cm 116 - 132 cm matrix130 125 cm 126 - 140 cm matrix140 135 cm 136 - 152 cm matrix150 145 cm 146 - 162 cm matrix160 155 cm 156 - 172 cm matrix170 165 cm 166 - 182 cm matrix180 175 cm 176 - 192 cm matrix190 185 cm 186 - 202 cm matrix200 195 cm 196 - 212 cm [...]"
"4594","2020-11-26","internetbasiert","Season Information 2020 / 2021. ice-cross.at, 2020-11-26","https://ice-cross.at/season20_21/","Texas Hold’em Bonus Poker is a Texas Hold’em variant where players face off with the dealer rather than other players."
"4595","2020-12-01","internetbasiert","533. Petition: Stopp sämtlicher Corona-Impfstudien. Sägefisch, 2020-12-01","https://jacquesauvergne.wordpress.com/2020/12/01/533/","The new programme will provide the means to detect and counter further coronavirus mutations, and help ensure access to effective vaccines when a new virus or variant has emerged."
"4596","2020-01-01","internetbasiert","Matador MPS 400 Variant All Weather 2 195/70 R15 10 R. Autoreifenfinder, 2020-01-01","https://www.autoreifenfinder.ch/matador/mps-400-variant-all-weather-2/195-70-r15-10r-105305/","Matador MPS 400 Variant All Weather 2 195/70 R15 10 R"
"4597","2020-01-01","internetbasiert","Volkswagen Golf 8 Variant 1.5TSI Style+Rückfahrkamera+. Gustav Staiger Automobile, 2020-01-01","https://www.opelstaiger.de/fahrzeugangebote/fahrzeugangebote/fahrzeug/volkswagen-golf-8-variant-15tsi-style-rueckfahrkamera-337692915","Vorbesitz: Tageszulassung vor Auslieferung Modell: VW Golf 8 Variant 1.5TSI Style --- Neupreis: 38.695,-EURO Lieferzeit:"
"4598","2020-12-31","internetbasiert","romanesco rezept chefkoch. computerclubhouse.at, 2020-12-31","http://computerclubhouse.at/2020/12/31/sv9dr9cz/","Romanesco broccoli (or simply Romanesco) is an edible flower of the species Brassica oleracea and a variant form of cauliflower."
"4599","2020-03-30","internetbasiert","UPDATE: Samsung Galaxy Tab S6 lite - Liefertermin laut Amazon 2. April. Testberichte, News, Tablets & Smartphones, 2020-03-30","https://www.appdated.de/2020/03/samsung-galaxy-tab-s6-lite-bilder-und-zertifizierung-aufgetaucht/","The tablet will also be released in the Wi-Fi only variant, and it could carry the model number SM-P610."
"4600","2020-01-01","internetbasiert","Zündleitung. BERU Zündungsteile | BERU – Ihr Experte für Zündungstechnik, 2020-01-01","https://www.beruparts.de/find-my-part/9740060/beru-by-driv/zundung/zundleitung/va127a.pd.html","Marke Typ Motor Aktion {{fitment.make}} {{fitment.variant}} {{fitment.engine_display}} Siehe Anwendung"
"4601","2020-04-08","internetbasiert","Unser Partner Stefan Moser Process Optimization - AFIN-TS GmbH. AFIN-TS GmbH, 2020-04-08","https://afin-ts.de/unser-partner-stefan-moser-process-optimization/","Batch: Multi variante Data Analysis im Bereich von zeitabhängigen Daten wie z.B. Zellkulturen, Reifeprozessen"
"4602","2019-06-15","internetbasiert","Tracht Man Band 5. runars-welt.blogspot.com, 2019-06-15","http://runars-welt.blogspot.com/2019/06/tracht-man-band-5.html","Alle Comics gibt’s auch in Variant Cover."
"4603","2020-09-01","internetbasiert","Gratis Comic Tag und Batman Tag 2020. Das Batman-Projekt, 2020-09-01","https://batmanprojekt.com/2020/09/01/gratis-comic-tag-und-batman-tag-2020/","Rätselhaft bleibt auch ein „Variant mit Metallic-Cover“, das 52 Seiten umfassen und 7 Euro kostet."
"4604","2019-01-08","internetbasiert","Downpipe VW Scirocco 2,0 TSI 3 Zoll 76 mm (auch Audi A3,TT,Seat,Skoda) - Tunercenter Deutschland. Tunercenter Deutschland, 2019-01-08","https://www.tunercenter.gmbh/produkt/downpipe-vw-scirocco-20-tsi-3-zoll-76-mm-auch-audi-a3ttseatskoda/","VW Golf 5 Variant"
"4605","2020-01-27","internetbasiert","Friseurstuhl Alba. (C) 2015 Soleni Classic Gmbh, 2020-01-27","https://soleni.de/friseurausstattung/coiffeurstuehle-friseurstuehle/comfort/agv-line/638/friseurstuhl-alba","VARIANTEN SOCKEL/FUSS:"
"4606","2020-07-06","internetbasiert","RS232 ??? / Kamera Ersatzteilversand. forum.electronicwerkstatt.de, 2020-07-06","https://forum.electronicwerkstatt.de/phpBB/Projekte_im_Selbstbau/rs232_kamera-t58045f34_bs0.html","[...] 100 meter durch(vor allem, wenn hochohmig die daten abgenommen werden) es ist also eine afaik(ja, ich weiß, was das heißt, jetzt ) frage der frquenz. 50 hz zu überertragen ist wahrscheinlich, wen du aber viele bilder schicken willst muss die übertragungsrate(und damit die freq) sehr hoch sein, also wirkt der lange draht wohl wie ne induktivität, an der am ende nichts mehr ankommt. es ist sowieso fraglich, ob du live übertragen kannst(1jpeg bild ca 50 kbyte) denn rs232 überträgt maximal gi (die deutsche variante zu afaik, nämlich ""glaub ich"")ca 32kbit pro sek, also dauert ein bild ca 12,5 sek. stimmt das, was ich sage? und noch was: geht usb auf rs232 überhaupt einfach so? [...]"
"4607","2019-03-11","internetbasiert","Jedes Wochenende der gleiche unnötige Stau. VOL.AT - Vorarlberg Online, 2019-03-11","https://www.vol.at/jedes-wochenende-der-gleiche-unnoetige-stau/6123312","Natürlich nicht ohne sich vorher vergewissert zu haben, ob nicht etwa ein schon über Grenzen hinweg bekannter Volkswagen Variant an ebenso bekannter Stelle auszumachen ist."
"4608","2019-06-01","internetbasiert","KUNSTSTOFF ANGEBOT. lbprofile.de, 2019-06-01","https://lbprofile.de/kunstoff-angebot/","KUNSTSTOFF ANGEBOT Hinterlassen Sie uns Ihre Daten Ihre E-Mail Ihre Telefonnummer Sind Sie auf WhatsApp/Viber erreichbarJANEIN Ihr Firmenname Die Anschrift System auswählenLB PCD 70LB PCD 82LB PCD 120SCHUECO LIVING KUBUS 6SCHUECO LIVING VARIANT 15SCHUECO LIVING 82 ASSCHUECO LIVING 82 MDSCHUECO LIVING SLIDEBeliebig Glas auswählenFloatglasFloat – ClearvisionFeuerfestes GlasMateluxVerbundglasSonne & SolarglasGehärtetes SicherheitsglasBeliebig Geben Sie Ihre Anmerkungen ein Anhang Sicherheitsfrage/Spamcheck: 5+4-3?"
"4609","2019-11-28","internetbasiert","Danke 5 - Bauantrag24 - Wie viel kostet mein Bauantrag?. Bauantrag24 - Wie viel kostet mein Bauantrag?, 2019-11-28","https://www.bauantrag24.net/danke-5/","[...]px;“][/vc_column][vc_column width=“1/3″][stat_counter icon=“Defaults-user“ icon_size=“32″ icon_color=“#ffffff“ icon_style=“circle“ icon_position=“left“ counter_title=“Experten im Netzwerk“ counter_value=“30″ counter_suffix=“+“ speed=“3″ el_class=“accent-icon-bg“ title_font=“font_family:Open Sans Condensed|font_call:Open+Sans+Condensed|variant:700″ title_font_style=“font-weight:700;“ counter_color_txt=“#ffffff“ desc_font=“font_family:Open Sans Condensed|font_call:Open+Sans+Condensed|variant:700″ desc_font_style=“font-weight:700;“ title_font_size=“desktop:20px;“ title_font_line_height=“desktop:26px;“ desc_font_color=“#ffffff“ css_stat_counter=“.vc_custom_1563705915438{margin-top: 50px !important;margin-right: 0px !important;margin-bottom: 0px !important;margin-left: 0px !important;padding-top: 0px !important;padding-right: 0px !important;padding-bottom: 0px !important;padding-left: 0px !important;}“ desc_font_size=“desktop:70px;“ desc_font_line_height=“desktop:70px;“][/vc_column][/vc_ [...]"
"4610","2019-09-25","internetbasiert","Kennzeichenhalter seitlich Intruder VS800 VS 600 model kurz. intruderteam.de, 2019-09-25","https://intruderteam.de/Kennzeichenhalter-seitlich-Suzuki-Intruder-VS-600-kurze-Ausfuehrung","Wir Bieten auch varianten ( Längere versionen ) mit TÜV- Gutachten an."
"4611","2018-11-28","internetbasiert","Was das IoT von FinTechs lernen kann. 0800hardware.de, 2018-11-28","http://0800hardware.de/was-das-iot-von-fintechs-lernen-kann/","The ease of use of a Nano board with the addition of secure IoT and BT connectivity Small (45mm x 18mm), robust and powerful board; 3.3V variant of the Nano family."
"4612","2020-05-06","internetbasiert","Effizientes Codieren. Access im Unternehmen, 2020-05-06","https://access-im-unternehmen.de/Effizientes_Codieren/","Variant vermeiden"
"4613","2020-01-01","internetbasiert","Zündleitung. BERU Zündungsteile | BERU – Ihr Experte für Zündungstechnik, 2020-01-01","https://www.beruparts.de/find-my-part/9740060/beru-by-driv/zundung/zundleitung/va127a.pd.html","Passend für: {{make}} {{variant}} {{engine_display}} Passend für: Achse {{axle_code}} Passend für: Motor {{fitsEngineDisplay}}"
"4614","2020-07-29","internetbasiert","Update des Panels für erbliche Tumorerkrankungen (CAN) - CeGaT GmbH. CeGaT GmbH, 2020-07-29","https://www.cegat.de/panel-update-erbliche-tumorerkrankungen/","Die Keimbahndiagnostik berücksichtigt einzelne Nukleotidvarianten (single-nucleotide variant, SNVs), kleine Insertionen und Deletionen (INDELs) und Kopienzahlveränderungen von einzelnen und / oder mehreren Exons (copy number variants, CNVs)."
"4615","2020-01-01","internetbasiert","Gitteraufsatz DK 155x300. Koch Anhängerwerke, 2020-01-01","https://www.kochanhaengerwerke.de/et-shop/gitteraufsatz-dk-155x300","Variant Heckkipper Variant 168x320cm 2,7t | E-Pumpe | Rampen | Aktion"
"4616","2019-04-04","internetbasiert","Arrow adressiert vertikale Märkte mit IoT-Lösungen von ProEsys. 0800hardware.de, 2019-04-04","http://0800hardware.de/arrow-adressiert-vertikale-maerkte-mit-iot-loesungen-von-proesys/","The ease of use of a Nano board with the addition of secure IoT and BT connectivity Small (45mm x 18mm), robust and powerful board; 3.3V variant of the Nano family."
"4617","2019-01-05","internetbasiert","ARBEITEN | Bögli Bräu. Bögli Bräu, 2019-01-05","https://www.xn--bglibru-bxa0n.ch/arbeiten","Lager Bögli Bräu SUD NR.43 untergährig Eine angepasste variante des klassiker ""Schweizer lager"". bei dem wurde absichtlich ein wenig auf die herbe verzichtet um ein süffiges und aromatisch rundes bier zu kreieren. sehr gelungen in meinen augen. -"
"4618","2020-11-09","internetbasiert","Neuer VW Golf Alltrack Fahrbericht 2021 Golf 8 Variant - Autogefühl. Autogefühl, 2020-11-09","https://www.autogefuehl.de/2020/11/09/neuer-vw-golf-alltrack-fahrbericht-2021-golf-8-variant/","Die Ausstattungslinien des Golf 8 Variant sind Life, Style und R-Line."
"4619","2019-01-01","internetbasiert","HS Natur | WindowStar. WindowStar, 2019-01-01","https://www.windowstar.at/at/hs-natur.html","AUSSTATTUNGS- VARIANTEN STANDARD EXCLUSIV"
"4620","2018-02-19","internetbasiert","Montagsfrage vom 19.02.2018. Montagsfrage vom 19.02.2018, 2018-02-19","https://romanfresser.de/montagsfrage-vom-19-02-2018/","Variante 3: 1. Platons’ Politeia 2. Aristoteles’ Nikomachische Ethik 3. Descartes’ Meditationes"
"4621","2018-04-01","internetbasiert","Restposten. creativ-hafner.at, 2018-04-01","http://www.creativ-hafner.at/restposten/","[...]color=”#000000″ btn_bg_hover_color=”#606060″ modal_on_align=”left” btn_text=”JETZT ANFRAGEN” modal_size=”medium” modal_style=”overlay-fade” overlay_bg_opacity=”80″ content_bg_color=”#f2f2f2″ header_bg_color=”#000000″ img_size=”80″ header_text_color=”#ffffff” content_text_color=”#000000″ btn_txt_color=”#ffffff” header_font=”font_family:Montserrat|font_call:Montserrat|variant:200″ header_font_style=”font-weight:200;” header_font_size=”desktop:26px;” content_font=”font_family:Montserrat|font_call:Montserrat|variant:200″ content_font_style=”font-weight:200;” content_font_size=”desktop:16px;”] [...]"
"4622","2020-01-01","internetbasiert","VW Golf Variant: Lederausstattung. Volkswagen Österreich, 2020-01-01","https://www.volkswagen.at/golf-variant/golf-variant/lederausstattung","Wählen Sie für Ihren Golf Variant Ihre bevorzugte Ausstattung aus verschiedenen Leder- und ArtVelours-Bezügen."
"4623","2018-11-23","internetbasiert","Studiozubehör. studiotische.de, 2018-11-23","https://www.studiotische.de/Studiozubehoer","Topstativ am Variant Maxi für Aufnahmen von oben"
"4624","2020-09-23","internetbasiert","DER WELTKRIEG mit todbringenden manipulierten Viren geht in die zweite Phase. Conservo, 2020-09-23","https://conservo.wordpress.com/2020/09/23/der-weltkrieg-mit-todbringenden-manipulierten-viren-geht-in-die-zweite-phase/","The consistency of this pattern was highly statistically significant, suggesting that the G614 variant may have a fitness advantage."
"4625","2019-01-01","internetbasiert","Doppel Din Radioblende mit Fach PRO Seat , Skoda, VW schwarz. Msh-Store, 2019-01-01","https://msh-store.de/fahrzeug-spezifisch/fahrzeugtypen/vw/radioblenden/2814/doppel-din-radioblende-mit-fach-pro-seat-skoda-vw-schwarz","Variant"
"4626","2018-04-25","internetbasiert","Ankopplung von Siemens SIMATIC Steuerung über MQTT - AnyViz. Mirasoft GmbH & Co KG, 2018-04-25","https://www.anyviz.de/blog/ankopplung-von-siemens-simatic-steuerung-ueber-mqtt/","VARIANT bereit zu stellen und den Wert binär zu übertragen."
"4627","2020-08-03","internetbasiert","Variant 3521 P5 | 515x205cm - 3,5t | Hochlader - Hochplane. PKW-Anhänger kaufen bei P+P Anhängercenter | Wohnmobil Vermietung & Anhängervermietung, 2020-08-03","http://www.ppanhaengercenter.com/store/p823/Variant-3521-P5-515-x-205-cm.html","Variant"
"4628","2018-03-15","internetbasiert","in-GmbH zeigt vernetzte Welten mit IoT-Plattform sphinx open online auf der HANNOVER MESSE. 0800hardware.de, 2018-03-15","http://0800hardware.de/in-gmbh-zeigt-vernetzte-welten-mit-iot-plattform-sphinx-open-online-auf-der-hannover-messe/","Small (45mm x 18mm), robust and powerful board; 3.3V variant of the Nano family."
"4629","2019-01-01","internetbasiert","Original Aluminium Felge VW | Top-Preis: 1.104,90 €. Top-Preis: 1.104,90 €, 2019-01-01","https://www.basenio.de/guenstig-kaufen/original-aluminium-felge-vw-57193/_golf-7/","[...] KW, 310 PS VW Golf VII 2012/11-2019/12 5G1, BQ1, BE1, BE2 2.0 TDI 1968 ccm, 110 KW, 150 PS VW Golf VII 2016/12-2019/12 5G1, BQ1, BE1, BE2 e-Golf 100 KW, 136 PS VW Golf VII Variant 2013/05-2019/12 BA5 1.2 TSI 1197 ccm, 77 KW, 105 PS VW Golf VII Variant 2013/05-2019/12 BA5 1.2 TSI 1197 ccm, 63 KW, 86 PS VW Golf VII Variant 2014/04-2019/12 BA5 1.2 TSI 1197 ccm, 81 KW, 110 PS VW Golf VII Variant 2013/09-2019/12 BA5 1.4 TGI CNG 1395 ccm, 81 KW, 110 PS VW Golf VII Variant 2014/05-2019/12 BA5 1.4 TSI 1395 ccm, 92 KW, 125 PS VW Golf VII Variant 2014/05-2019/12 BA5 1.4 TSI 1395 ccm, 110 KW, 150 PS VW Golf VII Variant 2013/05-2019/12 BA5 1.4 TSI 1395 ccm, 90 KW, 122 PS VW Golf VII Variant 2014/05-2019/12 BA5 1.4 TSI MultiFuel 1395 ccm, 92 KW, 125 PS VW Golf VII Variant 2013/04-2019/12 BA5 1.4 TSI MultiFuel 1395 ccm, 90 KW, 122 [...]"
"4630","2020-10-05","internetbasiert","Bodenarbeitsseil Dünn - Prices from 51.60 to 58.75. Bataliru, 2020-10-05","https://bataliru.de/products/bodenarbeitsseil-dunn-prices-from-51-60-to-58-75","[...] Zügel Anhänger Mensch Messanleitung Hundehalsband Knotenhalfter Material & Farben Material Farben Gutschein Alle Produkte Suchen Suchen Einloggen Einkaufswagen Home Hund Hund Menü Hund Alles Halsbänder Leinen Anhänger Pferde Pferde Menü Pferde Alles Arbeitsseile Halsringe Knotenhalfter Zügel Anhänger Mensch Messanleitung Messanleitung Menü Messanleitung Hundehalsband Knotenhalfter Material & Farben Material & Farben Menü Material & Farben Material Farben Gutschein Alle Produkte Bodenarbeitsseil Dünn - Prices from 51.60 to 58.75 Normaler Preis €51,60 Sonderpreis €51,60 Angebot inkl. MwSt. zzgl. Versandkosten Title Variant for price 51.6 Variant for price 52 Variant for price 52.1 Variant for price 52.2 Variant for price 52.45 Variant for price 52.55 Variant for price 52.65 Variant for price 53.05 Variant for price 53.15 Variant for price 53.25 Variant for price 53.5 Variant for price 53.6 Variant for price 53.7 Variant for price 54.1 Variant for price 54.2 Variant for price 54.55 Variant for price 54.65 Variant for price 54.75 Variant for price 55.15 Variant for price 55.25 Variant for price 55.6 Variant for price 55.7 Variant for price 56.2 Variant for price 56.65 Variant for price 56.75 Variant for price 57.25 Variant for price 57.7 Variant for price 58.75 Variant for price 51.6 Variant for price 52 Variant [...]"
"4631","2020-01-01","internetbasiert","Zündleitungssatz. BERU Zündungsteile | BERU – Ihr Experte für Zündungstechnik, 2020-01-01","https://www.beruparts.de/find-my-part/9741434/beru-by-driv/zundung/zundleitungssatz/ze566.pd.html","Marke Typ Motor Aktion {{fitment.make}} {{fitment.variant}} {{fitment.engine_display}} Siehe Anwendung"
"4632","2020-01-01","internetbasiert","Vezeko Hochlader Anhänger J35.4|210x430cm 3,5t|Ladefläche kippbar. Koch Anhängerwerke, 2020-01-01","https://www.kochanhaengerwerke.de/hochlader/hochlader-pritsche/vezeko-hochlader-anhaenger-j35.4-210x430cm-3-5t-ladeflaeche-kippbar","Variant Hochlader Anhänger 3521 P5 | 205x515cm 3,5t | Pro-Line"
"4633","2020-11-16","internetbasiert","Bandsysteme für Gesundheitsbauten. simonswerk.de, 2020-11-16","https://www.simonswerk.de/einsatzbereiche/besondere-loesungen/gesundheitsbauten","VARIANT Care – Das Bandsystem für Gesundheitsbauten"
"4634","2019-03-28","internetbasiert","Ortschaft in Brandenburg genießt IoT. 0800hardware.de, 2019-03-28","http://0800hardware.de/ortschaft-in-brandenburg-geniesst-iot/","Small (45mm x 18mm), robust and powerful board; 3.3V variant of the Nano family."
"4635","2018-02-20","internetbasiert","Presseschau vom 20. Februar 2018. Presseschau vom 20. Februar 2018, 2018-02-20","https://krimidetektor.de/2018/02/20/presseschau-vom-20-februar-2018/","„An updated variant of the locked-room mystery“:"
"4636","2020-05-15","internetbasiert","Build Multi-Arch images on Docker Hub (Part 1). Virtualzone Blog, 2020-05-15","https://virtualzone.de/posts/multi-arch-docker-images-1/","image: virtualzone/compose-updater:latest manifests: - image: virtualzone/compose-updater:amd64 platform: architecture: amd64 os: linux - image: virtualzone/compose-updater:arm32v6 platform: architecture: arm os: linux variant: v6 - image: virtualzone/compose-updater:arm32v7 platform: architecture: arm os: linux variant: v7 - image: virtualzone/compose-updater:arm64v8 platform: architecture: arm64 os: linux variant: v8"
"4637","2020-09-22","internetbasiert","Waschmittel mit Rosskastanien. wild.wuchs.Natur-Akademie, 2020-09-22","https://wildwuchsnatur.at/2020/09/22/waschmittel-mit-rosskastanien/","3) Variant: Kranulat in einem Hoppy-Dörrer trocknen lassen bei ca. 50-80°C."
"4638","2020-01-01","internetbasiert","VW Golf Variant: Stauassistent. Volkswagen Österreich, 2020-01-01","https://www.volkswagen.at/golf-variant/golf-variant/stauassistent","So folgt Ihr Golf Variant dem vorausfahrenden Fahrzeug und steuert Gas und Bremse im Rahmen der Grenzen des Systems selbsttätig."
"4639","2020-01-01","internetbasiert","Prototypen. RMM Metallbearbeitung GmbH, 2020-01-01","https://www.rmm-metallbearbeitung.de/know-how/prototypen/","[...]“#ffffff“ btn1_text_color=“#ffffff“ btn1_text_hovercolor=“#333333″ btn2_text_color=“#ffffff“ btn2_text_hovercolor=“#333333″ title_font_size=“desktop:18px;“ title_line_ht=“desktop:28px;“ btn_border_radius=“2″ btn1_heading_style=“font-weight:700;“ btn2_heading_style=“font-weight:700;“ css_dualbtn_design=“.vc_custom_1581678130098{margin-top: 0px !important;margin-bottom: 0px !important;padding-top: 0px !important;padding-bottom: 0px !important;}“ btn_width=“250″ btn1_font_family=“font_family:Roboto|font_call:Roboto|variant:700″ btn2_font_family=“font_family:Roboto|font_call:Roboto|variant:700″][/vc_column][/vc_row][vc_row equal_height=“yes“ bg_type=“bg_color“ bg_override=“full“ css=“.vc_custom_1572950423405{border-top-width: 50px !important;padding-bottom: 50px !important;}“][vc_column][vc_column_text css=“.vc_custom_1581677490237{margin-top: 30px !important;}“]Mehr als 1.000 m2 Produktionsfläche mit modernstem Maschinenpark und 20 qualifizierten Fachkräften machen uns somit zu einem produktiven und zuverlässigen Partner. [...]"
"4640","2019-01-08","internetbasiert","BlackBerry Secure verspricht sichereres IoT. 0800hardware.de, 2019-01-08","http://0800hardware.de/blackberry-secure-verspricht-sichereres-iot/","The ease of use of a Nano board with the addition of secure IoT and BT connectivity Small (45mm x 18mm), robust and powerful board; 3.3V variant of the Nano family."
"4641","2020-08-01","internetbasiert","Lokalisieren Sie Ihre Software und erschließen Sie neue Märkte. sisulizer.de, 2020-08-01","https://www.sisulizer.de/online-help/SystemVariantDialog.shtml","Windows code specifies the Windows code of the variant."
"4642","2020-04-01","internetbasiert","Amiron wireless copper. beyerdynamic GmbH & Co. KG, 2020-04-01","https://www.beyerdynamic.ch/amiron-wireless-copper.html","sa2 Solved Variant"
"4643","2018-02-14","internetbasiert","ECMAScript: Weitere Pläne und die Arbeit des TC39. entwickler.de, 2018-02-14","https://entwickler.de/online/javascript/ecmascript-tc39-579830087.html","Variant A: top-level await blocks tree execution"
"4644","2019-01-01","internetbasiert","2-DIN Kit 5 Seat/Skoda/VW diverse Fahrzeuge Lenkradfernbedienungsadapter piano. Msh-Store, 2019-01-01","https://msh-store.de/fahrzeug-spezifisch/fahrzeugtypen/skoda/radioblenden/3169/2-din-kit-5-seat/skoda/vw-diverse-fahrzeuge-lenkradfernbedienungsadapter-piano","Variant"
"4645","2020-07-14","internetbasiert","ISOLAR-B. https://twitter.com/ETAS_global, 2020-07-14","https://www.etas.com/de/portfolio/isolar_b.php","""Splitable"" und ""Variant Handling"""
"4646","2019-08-30","internetbasiert","Erster Zwetschgen-Datschi. Puzzleblume ❀, 2019-08-30","https://puzzleblume.wordpress.com/2019/08/30/erster-zwetschgen-datschi/","da ich nach dem köstlichen zwetschgenfleck(lokale variante des zwetschgendatschis) süchtig bin, ist die virtuelle variante zwar optisch sehr erfreulich, erfüllt mich aber mit ungeheurer sehnsucht nach der realen variante. ich hoffe, wenigstens du konntest dich daran laben."
"4647","2020-01-01","internetbasiert","Matador MPS 400 Variant All Weather 2 195/65 R16 104 T. Autoreifenfinder, 2020-01-01","https://www.autoreifenfinder.ch/matador/mps-400-variant-all-weather-2/195-65-r16-104t-149432/","""Matador MPS 400 Variant All Weather 2 ( 195/65 R16C 104/102T 8PR Doppelken"
"4648","2020-01-01","internetbasiert","Zylinderkopfdichtung 3-Loch VW 1,9 D TD GTD SDI. Bus-Scheune.de, Ersatzteile fuer VW Bus T3 VW Bus T4 guenstig kaufen., 2020-01-01","https://www.bus-scheune.de/weitere-VW-Classic-Modelle/Golf-III/Dichtungen-Dichtsaetze/Zylinderkopfdichtung-3-Loch-VW-1-9-D-TD-GTD-SDI::49421.html","[...] 1.9 D 11/95-01/04 47/64 VW CADDY II Pick-up (9U7) 1.9 D 06/96-12/00 47/64 VW GOLF III (1H1) 1.9 D 11/91-08/97 48/65 VW GOLF III (1H1) 1.9 TD GTD 11/91-08/97 55/75 VW GOLF III Variant (1H5) 1.9 D 07/93-04/99 48/65 VW GOLF III Variant (1H5) 1.9 TD 07/93-04/99 55/75 VW PASSAT (3A2, 35I) 1.9 D 05/89-10/93 50/68 VW PASSAT (3A2, 35I) 1.9 TD 03/91-08/96 55/75 VW PASSAT Variant (3A5, 35I) 1.9 D 05/89-10/93 50/68 VW PASSAT Variant (3A5, 35I) 1.9 TD 03/91-05/97 55/75 VW POLO (6N1) 1.9 D 10/94-10/99 47/64 VW POLO (6N2) 1.9 D 10/99-09/01 47/64 VW POLO CLASSIC (6KV2) 1.9 SDI 12/95-08/99 47/64 VW POLO Kasten (6NF) 1.9 D 10/94-12/99 47/64 VW VENTO (1H2) 1.9 D 11/91-09/98 48/65 VW VENTO (1H2) 1.9 TD 11/91-09/98 55/75 [...]"
"4649","2018-05-31","internetbasiert","VW Passat Variant: Den neuen Volkswagen bewundern. Auto-Kombi, 2018-05-31","https://www.kombi.de/vw-passat-variant/","Zurzeit gibt es den Variant in den vier Ausstattungslinien Trendline, Comfortline, Highline und Alltrack."
"4650","2019-10-10","internetbasiert","FS242 Speed Dating for Scientists. Freak Show, 2019-10-10","https://freakshow.fm/fs242-speed-dating-for-scientists","Zwei von drei richtig es wird tatsächlich noch sehr sehr viel mit maus modellen gearbeitet das heißt man hat irgendwie genetische variante."
"4651","2020-01-01","internetbasiert","RMM Metallbearbeitung GmbH – Unternehmensprofil. RMM Metallbearbeitung GmbH, 2020-01-01","https://www.rmm-metallbearbeitung.de/rmm-gmbh-unternehmen/","[...] btn_title_color=“#333333″ btn_bg_color=““ btn_hover=“ubtn-fade-bg“ icon=“none“ icon_size=““ btn_icon_pos=“ubtn-sep-icon-right-rev“ btn_border_style=“solid“ btn_color_border=“rgba(51,51,51,0.15)“ btn_color_border_hover=“#333333″ btn_border_size=“2″ btn_radius=“2″ btn_font_style=“font-weight:700;“ css_adv_btn=“.vc_custom_1572949812742{margin-top: 0px !important;margin-bottom: 0px !important;padding-top: 25px !important;padding-bottom: 0px !important;}“ btn_font_family=“font_family:Roboto|font_call:Roboto|variant:700″][/vc_column][/vc_row][vc_row bg_type=“image“ parallax_style=“vcpb-default“ bg_image_new=“id^53539|url^https://www.rmm-metallbearbeitung.de/wp-content/uploads/2019/11/IMG_1266.jpg|caption^Fotos für RMM Ralf Müller Metallbearbeitung|alt^null|title^Produktion|description^null“ bg_image_repeat=“no-repeat“ bg_img_attach=“fixed“ bg_override=“ex-full“ enable_overlay=“enable_overlay_value“ overlay_color=“rgba(0,0,0,0.55)“ overlay_pattern=“transperant“ type=“vc_default“ css=“.vc_custom_1572915299411{background-color: [...]"
"4652","2020-12-17","internetbasiert","535. Nordrhein-Westfalen, das „Corona“-Narrativ und der riskante genetische Impfstoff. Sägefisch, 2020-12-17","https://jacquesauvergne.wordpress.com/2020/12/17/535/","The variant has been named ‘VUI – 202012/01’ (the first Variant Under Investigation in December 2020)."
"4653","2020-06-02","internetbasiert","Julieta - Schnittmuster für ein Sommerkleid in Wickeloptik | Mirastern. Mirastern, 2020-06-02","https://mirastern.de/julieta-schnittmuster-fuer-ein-sommerkleid-in-wickeloptik/","Ein SCHNITTMUSTER – viele varianten"
"4654","2019-04-04","internetbasiert","Audi Tradition präsentiert „Raumwunder“ auf der Oldtimer-Messe Techno Classica in Essen. Sportreport_Biz, 2019-04-04","http://sportreport.biz/2019/04/04/audi-tradition-praesentiert-raumwunder-auf-der-oldtimer-messe-techno-classica-in-essen/","Neben dem Audi 80 Variant von 1967 und einem Audi 100 Avant GLS (1978) sind am Techno Classica-Stand von Audi Tradition noch zwei echte Exoten zu sehen."
"4655","2020-11-03","internetbasiert","VW Golf 8 Variant - Kompaktkombi in sechster Generation - NewCarz.de. NewCarz.de, 2020-11-03","https://www.newcarz.de/2020/11/03/vw-golf-8-variant-kompaktkombi-in-sechster-generation/","Neu konfiguriert hat Volkswagen die Ausstattungsmatrix des Golf Variant: Oberhalb der Grundversion „Golf“ folgen die Linien „Life“, „Style“ und „R-Line“."
"4656","2020-11-02","internetbasiert","Gewinnspiel (2. bis 22. November 2020). https://www.facebook.com/WordPresscom, 2020-11-02","https://gameplaygamers.com/2020/11/02/gewinnspiel-2-bis-22-november-2020/","Der Boss bei dem ich am meisten Schwierigkeiten hatte war Schatten Link, nicht die OoT variante"
"4657","2019-11-19","internetbasiert","Boellis 1924 Panama 2.0 EDT. Boellis Panama 2.0 EDT Maurizio Cerizza Napoli Whisky Tabak Vanille, 2019-11-19","https://soulobjects.de/products/boellis-panama-2-0-edt","This variant is currently sold out."
"4658","2020-03-17","internetbasiert","Schwarwel Gevatter #2 „Kapitel Zwei: Zorn“ (Regular, Digital-PDF) - Glücklicher Montag Shop. Glücklicher Montag Shop, 2020-03-17","https://gluecklicher-montag-shop.de/produkt/schwarwel-gevatter-2-kapitel-zwei-zorn-regular-digital-pdf/","Schwarwel Gevatter #1 „Kapitel Eins: Verleugung“ ist mit dem Cover von Schwarwel als Regular Edition hier erhältlich: www.gluecklicher-montag-shop.de/product/graphic-novel-schwarwel-gevatter-verleugnung-heft-1 und mit dem Cover von Sascha Wüstefeld als Variant Edition hier: www.gluecklicher-montag-shop.de/product/gevatter-1-kapitel-eins-verleugnung-variant-edition"
"4659","2018-04-23","internetbasiert","Volkswagen: Modelle mit alternativen Antrieben und Kraftstoffen. GreenGear.de, 2018-04-23","https://www.greengear.de/elektroautos-hybridautos-modelle-autos-autogas-erdgas/volkswagen-vw-alternative-antriebe-und-kraftstoffe/","[...]) VW Caddy Maxi 1,4-l-TGI Blue Motion Erdgas (CNG) VW Caddy Maxi Kastenwagen 1,4-l-TGI Blue Motion Erdgas (CNG) VW eco up! Erdgas (CNG) VW e-Crafter Elektroauto (EV) VW e-Golf Elektroauto (EV) VW e-up! (32,3 kWh Batterie) Elektroauto (EV) VW Golf GTE 1,4 TSI Plug-in Hybrid Plug-In-Hybridauto (PHEV) Benzin-Elektro VW Golf TGI BlueMotion DSG Erdgas (CNG) VW Golf Variant TGI BlueMotion DSG Erdgas (CNG) VW Passat GTE Limousine 1,4 TSI Plug-in Hybrid Plug-In-Hybridauto (PHEV) Benzin-Elektro VW Passat GTE Variant 1,4 TSI Plug-in Hybrid Plug-In-Hybridauto (PHEV) Benzin-Elektro VW Polo TGI Erdgas (CNG) [...]"
"4660","2020-01-01","internetbasiert","21-600. isover.ch, 2020-01-01","https://www.isover.ch/de/solutions/21-600","Description Unité 1 Unité 2 Variant 1 Variant 2 Variant 3 Variant 4 Variant 5 Variant 6 Kassettenbreite b [mm] 333 333 333 333 333 333 CLADISOL 032 d [mm] 80 100 120 80 100 120 PB F 030 d [mm] 80 80 80 100 100 100 Wärmeschutz im Winter und Sommer * * * * * * Wärmedurchgangskoeffizient:"
"4661","2020-04-19","internetbasiert","Nordvpn Zwiebel auf vpn funktioniert nicht – Nordvpn : Warnung. Bester VPN-Vergleicher, 2020-04-19","http://minecraftopia.de/nordvpn-zwiebel-auf-vpn-funktioniert-nicht-nordvpn-warnung/","Haben eine variante eines der zwischenzeit hoffen wir uns die vpn-verbindung steht, kannst beides nicht zu dem, was einem netten service unterstützt ssl / monat berechnet."
"4662","2019-01-01","internetbasiert","Luxuriöse Edelstahl Essstäbchen mit Laser-Gravierungen. Sabera صَبَرَ Onlineshop, 2019-01-01","https://www.sabera.de/products/luxuriose-edelstahl-essstabchen-mit-laser-gravierungen","Dies ist die hochwertige variante von Essstäbchen."
"4663","2020-02-10","internetbasiert","Relingträger, Dachträger | Ocean-Cross. Ocean-Cross, 2020-02-10","https://ocean-cross.de/produkt/relingtraeger-dachtraeger/","[...] Break 84>99 SAAB 9-3 SportKombi 05> SAAB 9-3 Station Wagon 09> SAAB 9-3 X 09> SAAB 9-4 X 11> SKODA Favorit Station Wagon 93> SKODA Felicia Station Wagon 96> SKODA Octavia II Station Wagon 04>12 SKODA Octavia III Station Wagon 13> SKODA Octavia Scout 07>13 SKODA Praktik 07> SSANGYONG Rexton 02>06 SUBARU Legacy Station Wagon 89>05 SUZUKI Vitara 88>02 TOYOTA Avensis Station Wagon 98>08 TOYOTA Avensis Verso 01>06 TOYOTA Camry Estate 92>96 TOYOTA Carina E Wagon 82> TOYOTA Picnic 97>00 TOYOTA Previa 00> VOLKSWAGEN Bora Variant 99>05 VOLKSWAGEN Golf III Variant 94>98 VOLKSWAGEN Golf IV Variant 99>07 VOLKSWAGEN Passat V Variant 11>14 VOLKSWAGEN Passat Variant 06>10 VOLKSWAGEN Passat Variant 83>96 VOLKSWAGEN Passat Variant 97>05 VOLKSWAGEN Polo Fun 03> VOLKSWAGEN Polo Variant 88> VOLVO 200 74>94 VOLVO 700 Station Wagon 84>92 VOLVO V40 96>04 VOLVO V50 04> Volvo XC90 06> Stand: Januar 2015 Liste ohne Gewähr [...]"
"4664","2018-02-13","internetbasiert","Haferspanien Route H. Bilderwanderung und Radtouren, 2018-02-13","https://bilderwanderung.wordpress.com/2018/02/13/haferspanien-route-h/","Insgesamt war der Weg eher Durchschnitt, leider wurde zu viel auf Wirtschaftswegen geführt, nebenan hätte es paralel eine Attraktivere variante gegeben, kurz vor ende geht man dann zu lange neben einer recht stark befahrenen Straße."
"4665","2019-11-12","internetbasiert","Nokia 5.2 mit ersten Details in der Zertifizierung aufgetaucht. Testberichte, News, Tablets & Smartphones, 2019-11-12","https://www.appdated.de/2019/11/nokia-5-2-mit-ersten-details-in-der-zertifizierung-aufgetaucht/","Nokia TA-1206 is predicted to be a dual-SIM variant whereas the Nokia TA-1214 is the Single-SIM variant."
"4666","2020-01-01","internetbasiert","33-300. isover.ch, 2020-01-01","https://www.isover.ch/de/solutions/33-300","Description Unité 1 Unité 2 Variant 1 Variant 2 Variant 3 Variant 4 Variant 5 Variant 6 Zementestrich d [mm] 50 50 50 50 50 50 PS 81 d [mm] 20 20 20 20 20 20 SPARRENPLATTE 032 PR d [mm] 140 160 180 200 220 240 Wärmeschutz im Winter und Sommer * ** ** ** ** *** Wärmedurchgangskoeffizient:"
"4667","2019-09-30","internetbasiert","Die „Gretchenfrage"": Was war zuerst, die Erderwärmung oder das anthropogene CO2? | QPress. QPress, 2019-09-30","https://qpress.de/2019/09/30/die-gretchenfrage-was-war-zuerst-die-erderwaermung-oder-das-anthropogene-co2/","Zecke stufe eins, nicht mal mm groß, die kann wärme aufspüren CO2 riechen usw, wie die 5mm 2 variante die wieder die kleinen erzeugt."
"4668","2020-12-01","internetbasiert","533. Petition: Stopp sämtlicher Corona-Impfstudien. Sägefisch, 2020-12-01","https://jacquesauvergne.wordpress.com/2020/12/01/533/","A new COVID variant of the SARS-COV-2 virus, termed VUI–202012/01 (or lineage B.1."
"4669","2020-05-27","internetbasiert","Die Abkürzung nordvpn funktioniert nicht mehr – Nordvpn | Vorher, nachher…. Bester VPN-Vergleicher, 2020-05-27","http://minecraftopia.de/die-abkurzung-nordvpn-funktioniert-nicht-mehr-nordvpn-vorher-nachher/","Zu müssen, um einen blick einen besseren varianten bevorzugt werden unterstützt."
